2308 4316
239 267 242 272 “
296 267 483 368 Ecclesiastae
503 220 676 340 Salomonis..
908 265 950 336 37

47 458 73 515 et
90 448 208 530 propria
234 447 379 525 consilia,
407 447 570 530 abstineto
593 447 733 528 alt‘illls,
758 457 876 514 vertam
902 469 952 516 rna
1037 450 1043 462 “

49 559 81 620 od
96 557 257 628 dexteram,
277 562 308 618 et
327 571 485 620 assumam
501 555 573 616 mihi
591 556 685 618 vitam
705 559 950 637 tranquilliorem,

47 663 143 726 laeam
179 660 254 722 milti
289 649 383 724 otium
415 669 446 724 et
479 653 738 741 tranquillitatem,
776 665 951 753 delectabor

46 769 140 842 bonis,
163 767 261 828 sinam
284 767 393 852 omnic·
406 769 528 842 vadere,
550 769 630 832 sicut
650 769 767 834 vadunt
785 778 817 832 et
837 773 951 846 volunt,

47 877 135 938 vivam
151 875 244 936 vitem
260 874 463 951 voluptariam
472 871 515 954 l);
537 875 593 938 sed
614 875 646 938 id
660 892 785 954 quoque
798 884 863 940 eret
884 878 951 940 imi-

46 991 114 1052 tum,
139 995 243 1058 acque
262 978 363 1058 magis
385 981 554 1054 successit,¹
578 997 671 1060 quem
693 983 779 1059 prius
793 983 875 1063 ,illud
898 998 949 1046 se·

45 1087 164 1168 pientiae
185 1085 442 1166 elsollicltndlnis
456 1086 611 1150 humanae
631 1089 806 1167 consilium3
828 1105 897 1152 nem
919 1096 951 1152 et

44 1197 116 1258 licus
135 1192 186 1254 hic
208 1207 340 1271 quoquc
354 1193 487 1269 resistit.¹
520 1193 587 1275 Non
603 1195 683 1258 enim
706 1194 851 1273 contingit
867 1203 950 1258 tran-

44 1300 181 1382 quillitos,
202 1297 262 1360 nisi
284 1315 325 1359 ex
344 1299 439 1360 verbo
460 1305 491 1360 et
512 1315 606 1377 opere
627 1300 690 1373 Dei,
712 1309 742 1363 et
764 1303 833 1380 lpse
854 1317 949 1382 expe-

43 1406 137 1470 rientia
159 1403 341 1476 hoc-docet.
384 1383 488 1484 Saepe
507 1405 704 1470 instituuntur
725 1408 887 1486 symposia
908 1408 949 1470 ad
1021 1485 1024 1490 Ι

15 1510 223 1598 ,excitandam
254 1510 414 1583 laetitiam,
447 1513 660 1588 excogitantur
691 1512 790 1592 dapes
821 1520 869 1577 ct·
885 1513 974 1576 ludi·

42 1637 88 1698 pro
114 1615 338 1692 exhilarandis-
356 1617 509 1699 convivis,
537 1618 594 1680 sed
621 1616 803 1698 plerumque
829 1627 949 1682 contra·

42 1729 107 1788 nnn
127 1723 237 1794 evcnit,
258 1722 321 1788 ont
343 1721 416 1788 tolti
433 1720 520 1805 ieltcn
541 1721 604 1790 eine
625 1727 694 1805 pote
711 1721 863 1794 cossetot
883 1726 948 1794 lue
1017 1813 1018 1818 Ἰ

43 1834 100 1898 cot.
141 1830 218 1908 Quia
238 1835 292 1908 out
307 1829 426 1906 ⁸adsunt
446 1830 551 1892 tristes
572 1837 602 1892 et
623 1832 724 1894 severi
745 1831 862 1910 aliquot
881 1832 946 1896 vul·
1058 1865 1060 1882 ι
1096 1823 1105 1840 “

44 1945 98 2012 tus,
123 1941 175 1998 aut
197 1935 279 2000 mind
307 1935 466 2014 quippiam
489 1936 646 2014 perturbat
667 1936 785 2010 omnin,
812 1939 947 2000 maxime

42 2041 85 2104 nbi
111 2040 351 2115 sicdellberant
374 2042 599 2122 consuluntque
620 2042 659 2106 de
685 2043 786 2106 tuturo
816 2044 946 2121 gaudim

43 2163 126 2226 saepe
139 2154 241 2210 antem
262 2145 305 2220 tlt,
324 2154 358 2209 ut
379 2146 449 2228 quis
471 2164 557 2219 casu,
578 2148 610 2211 id
631 2154 688 2223 est,
708 2147 773 2212 Deo
787 2137 834 2212 sic
854 2149 947 2214 dante

43 2253 142 2319 incidat
171 2254 203 2316 in
231 2253 432 2339 laetissimum
454 2253 637 2330 convivium.
680 2255 732 2319 Sic
762 2255 948 2334 quoquam

42 2362 67 2422 tn
84 2360 147 2422 eliis
165 2359 273 2440 rebus.
645 2411 648 2422 .
757 2403 759 2410 .

112 2465 234 2542 Quaerit
253 2465 325 2544 quis
339 2466 527 2544 uoluptatem
547 2465 577 2529 in
598 2466 772 2548 amorem),
793 2467 851 2532 sed
872 2484 947 2534 mox

44 2571 122 2636 senua
130 2563 245 2646 amara,
256 2570 341 2652 quod
354 2579 385 2634 et
395 2571 590 2652 conqueritur
603 2573 695 2637 divus
703 2553 943 2655 Augustum)

44 2695 154 2760 qnoque
172 2677 215 2759 ip,
227 2677 365 2749 confess.
386 2677 485 2752 libris,
511 2677 625 2742 misere
652 2694 688 2744 se
708 2677 894 2758 llagelleturn
914 2681 946 2744 in

44 2755 326 2848 melis'omoribus.
369 2783 493 2846 Sicubi
515 2785 654 2864 capimus
669 2785 851 2864 voluptates,
872 2803 945 2852 mox

44 2889 242 2954 suffunduntur
264 2889 472 2952 amaritudine.
513 2888 595 2952 Nihil
615 2906 691 2973 ergo
711 2892 829 2968 melius,
851 2908 946 2973 quem

45 3015 105 3060 csse
122 2999 152 3060 in
171 2997 269 3060 verbo
300 3003 331 3058 et
355 3012 452 3074 opere
472 2996 543 3071 lici,
571 2997 618 3058 sic
638 2996 796 3062 instituere
817 3015 883 3072 cor,
911 3005 946 3062 ut

44 3105 79 3165 sit
94 3103 224 3182 quietum
245 3109 276 3166 et
297 3107 471 3165 contentum
485 3102 709 3182 praesentibus.
719 3157 736 3179 ,.
747 3103 779 3183 Si
795 3084 963 3168 Dominus'

44 3207 144 3272 dederit
174 3223 318 3282 uxorem,
351 3206 574 3275 habend21cst
605 3209 635 3272 in
664 3211 817 3288 praesenti
845 3217 875 3274 et
904 3227 943 3274 ee
978 3227 983 3240 ¹

45 3315 203 3392 lrnendum;
225 3316 256 3378 si
275 3315 352 3378 vells
374 3313 523 3380 excedere
544 3314 604 3377 hos
625 3312 752 3390 limites,
776 3323 807 3378 et
829 3331 942 3394 augere

44 3419 93 3484 hoc
112 3436 256 3499 praesens
269 3421 391 3495 donum,
409 3436 464 3500 pro
482 3423 639 3500 voluptate
651 3420 807 3500 continget
821 3436 947 3500 moeror,

45 3533 70 3589 et
84 3527 203 3590 tristitie.
246 3527 429 3605 Simpliciter
447 3525 552 3607 itaque
574 3527 742 3605 agendum,
769 3525 941 3606 quodvult

101 3777 127 3848 l)
145 3777 281 3832 (lancium.
352 3775 394 3844 m)
413 3731 539 3845 Voluptas
557 3775 585 3828 in
603 3787 702 3830 amore.
741 3771 940 3846 tenestem,-

46 3879 92 3929 rlaa
108 3887 197 3928 amare.
269 3869 305 3940 n)
323 3869 498 3942 Αιιςιιιιὶιιιιι.
