2406 4322
356 253 541 314 Eodeeiaatao
561 253 733 343 Salomonis.
838 301 856 318 ,,
944 247 1003 316 tet

98 437 162 514 ipse
182 421 291 504 nescit,
312 430 390 512 quid
409 433 463 506 sit,
485 433 567 512 quod
589 417 654 524 'est
689 433 828 511 Generali
856 435 1008 498 sententia

97 540 244 616 singulare
257 537 388 617 probat,
410 540 500 618 quasi
522 539 619 602 dieat:
651 539 834 626 Inobediens
847 546 897 604 est
918 559 1007 604 aver-

96 645 138 709 sis
159 638 267 717 oo'uiis,
302 661 362 708 non
396 645 493 718 videt,
525 646 599 723 quid
620 645 661 708 sit
693 662 767 724 pree
800 645 898 710 oeulis
920 649 1005 724 suis;

23 791 26 796 n
95 767 150 815 non
178 736 354 830 ndat-qnid
376 758 459 828 agat,
494 758 545 813 aut
579 749 725 829 quantem
759 733 1008 815 matum·'inobe·

94 855 198 919 dientia
220 855 272 918 sit.

182 1033 185 1040 Ι
242 1071 384 1150 Ethoo
405 1073 696 1156 qnodtuturuni
719 1078 857 1174 estete.
907 1129 939 1174 ι.
992 1154 997 1167 1

171 1250 204 1313 ld
238 1255 302 1322 est:
354 1249 536 1312 inobediens
567 1252 666 1314 nescit
697 1252 771 1331 quid
792 1252 923 1315 futurum
958 1253 1026 1316 situ
1110 1301 1112 1306 ,

93 1357 177 1436 Cupit
204 1353 290 1417 varia
320 1371 375 1433 per
401 1353 656 1432 inobedientiam,
691 1365 804 1436 sperat
829 1375 940 1438 magna
970 1377 1006 1424 so

90 1465 322 1527 eonseentunn'n
344 1477 429 1534 esse,
464 1469 494 1524 et
514 1461 633 1526 fallitur.
675 1463 838 1526 Poilicetur
869 1465 928 1526 sini
949 1465 1006 1528 im·

88 1551 277 1650 punitatem‚'
291 1568 346 1630 sed
368 1583 439 1630 eum
460 1567 584 1630 minime
605 1577 722 1648 sperat,
750 1568 839 1632 adest
856 1570 1004 1648 iudicium
1027 1625 1028 1628 ,
1089 1604 1094 1622 ·

58 1699 61 1707 ¹
88 1682 115 1739 et
132 1656 227 1748 hora,x
248 1657 377 1752 et'perit
398 1674 428 1736 in
451 1691 509 1738 sua
530 1675 744 1740 inobedientia.
773 1675 915 1739 Summe:
945 1677 1005 1764 ¹¹¹¹?
1052 1661 1056 1668 ¹

87 1780 152 1861 pius
187 1775 384 1859 praesentem
416 1779 624 1845 obedientiam*
658 1769 837 1857 contemnit,
874 1783 1012 1845 tutorem·

87 1903 211 1965 poenam
233 1902 296 1948 non
317 1887 456 1949 intuetur.
503 1883 634 1965 Sapiens
656 1903 730 1950 vero
758 1905 819 1950 non
848 1888 894 1950 sio
930 1889 1001 1966 agit,

87 1992 139 2056 sed
165 1990 352 2070 cognoscit,¹
371 2007 457 2072 ,quae
492 1991 572 2054 mala
605 1998 762 2068 maneant
782 1987 1003 2069 inobedientes,
1095 2073 1099 2080 k

89 2097 227 2176 ideoque
240 2094 354 2160 obedit

85 2315 159 2378 Non
188 2315 289 2380 enim
321 2320 385 2376 est
419 2311 535 2377 homo*
568 2307 708 2394 potens
741 2316 778 2378 in
815 2315 1000 2394 spiritum
1100 2337 1102 2342 ·

85 2438 205 2495 suum,
254 2431 324 2484 nee
367 2426 510 2502 potest
557 2420 771 2500 prohibere
812 2423 1016 2500 spiritum*
1088 2451 1090 2456 ·

84 2544 206 2601 suum,
228 2543 302 2592 nee
323 2532 552 2604 estpotens
581 2526 707 2591 indie
737 2528 894 2602 mortis,
932 2545 1003 2592 nee

282 2639 417 2711 potest
437 2631 609 2706 evadere
630 2633 667 2712 in
688 2633 803 2695 bello.

164 2785 306 2850 Declarat
327 2799 364 2848 se
386 2786 504 2865 ipsum,
525 2785 598 2863 quid
620 2767 675 2860 sit,
708 2785 791 2864 quod
813 2763 1004 2866 supradixit

85 2889 120 2954 de
138 2893 223 2970 regis
246 2889 430 2955 obedientia.
473 2891 581 2954 Sermo
601 2892 683 2968 tegis
706 2897 859 2969 potestate
889 2893 1000 2982 plenus

84 3003 142 3070 est,
163 2984 310 3086 divinitus
333 2999 412 3060 enim
435 2998 481 3060 sie
502 2996 672 3060 ordinatum
689 3004 750 3070 est,
772 3004 881 3062 utnon
897 2999 999 3078 possit

84 3102 248 3182 impunitus
281 3101 429 3178 evadere,
470 3105 524 3184 qui
556 3103 720 3165 contemnit
739 3101 889 3166 obedire.
931 3089 1021 3170 Non?
1178 3141 1181 3152 ι

88 3207 179 3270 habet
198 3205 293 3272 homo
313 3216 427 3272 tantam
450 3210 630 3288 potentiam,
651 3218 685 3271 ιιι
706 3209 806 3288 possit
826 3209 997 3288 iepngnare

83 3314 151 3391 regi.
190 3315 294 3392 'Quare
315 3331 391 3392 ergo
410 3330 471 3378 non
493 3315 617 3380 obedit?
642 3315 709 3378 Non
730 3321 834 3392 potest
854 3315 997 3392 spiritum

84 3435 173 3482 suum
194 3417 375 3498 prohibere,
403 3419 527 3494 idest,
563 3421 669 3494 vitem,
701 3419 888 3498 spiraculum
917 3423 1000 3485 vitae
1046 3465 1049 3468 -

83 3540 140 3588 non
161 3515 271 3604 potest¹
285 3525 460 3605 prohibere.
490 3521 538 3594 dt
556 3509 628 3604 attiiv
647 3523 805 3606 detdoittn.
829 3525 904 3588 Non
923 3543 998 3589 eva·

84 3629 141 3692 det.
181 3631 247 3695 Non
268 3639 316 3694 est
338 3634 448 3730 patens
469 3633 500 3694 in
522 3631 573 3694 die
594 3633 715 3704 mortis,
749 3647 806 3694 neo
833 3632 944 3696 evadet
965 3632 996 3694 in
1029 3685 1071 3740 4‘

83 3734 130 3798 die
149 3735 228 3798 belli.
270 3737 411 3802 Summa:
454 3737 537 3801 Deus
558 3733 653 3800 habet
671 3742 716 3799 tot
732 3735 849 3813 judicia
880 3745 911 3800 et
933 3744 996 3802 tam

83 3840 192 3906 multos
214 3837 329 3908 modos
350 3842 515 3922 plectendi,
545 3846 581 3905 ut
600 3857 690 3908 nemo
710 3843 812 3922 possit
830 3843 911 3909 itlius
930 3859 997 3908 ma-
