2406 4322
333 299 518 362 Ecclesiastae
539 277 712 362 salomonis.
894 317 898 327 ’
920 279 983 364 263

145 483 271 547 Decimo
294 489 420 556 octavo,
442 481 470 547 si
491 481 608 545 homini
629 461 767 555 lanianti,
789 481 873 561 quod
894 481 923 543 in
947 497 983 544 se
1006 481 1009 488 ’

68 597 129 673 est,
150 589 238 652 datur
259 590 369 667 gratia,
392 603 465 666 ergo
486 587 581 652 homo
603 595 706 667 potest
727 587 823 660 seire,
852 603 888 650 se
910 601 982 650 esse
1015 621 1036 662 x·

66 700 93 759 in
116 697 220 773 gratia.
262 695 427 758 Probatur:
449 695 522 773 quia
537 693 630 758 homo
646 701 698 757 aut
720 693 778 757 seit
793 701 865 758 sese
881 695 982 758 iacere

66 803 145 884 quod
166 802 197 863 in
219 817 254 864 se
274 809 332 874 est,
355 807 408 864 aut
429 818 489 864 non
509 801 574 865 seit.
620 800 653 862 Si
675 801 741 877 scit,
763 813 837 880 ergo
860 808 890 866 el
913 817 983 879 gra-

65 911 133 972 tiam
162 923 199 970 se
225 907 341 970 habere
369 909 441 980 seit,
471 908 678 982 eum‘dieanu
707 909 830 972 omnino
853 909 982 987 gratiam

65 1015 127 1078 dari
158 1014 280 1077 facienti
308 1014 393 1093 quod
421 1015 451 1074 in
479 1029 515 1077 se
543 1021 607 1090 est;
637 1011 841 1088 tinniant,
870 1015 982 1077 frustra
1103 1047 1108 1064 ι

65 1124 149 1185 datur
168 1121 220 1183 illa
241 1121 393 1194 doctrina,
421 1128 451 1182 at
480 1127 586 1181 cessat
606 1120 673 1196 ejus
694 1121 880 1193 assentatio,
909 1120 983 1198 qula

65 1244 248 1308 quoeunque
269 1243 365 1306 opere
379 1225 581 1288 taetaneseit
597 1225 639 1287 a'n
659 1226 764 1290 leserit
778 1219 982 1306 quodfestztu
1038 1287 1041 1292 .
1109 1319 1112 1326 .

64 1351 110 1408 se,
137 1347 212 1412 ergo
235 1334 348 1397 dubius
370 1339 507 1394 remanet
528 1347 662 1410 semper.

140 1491 267 1554 Decimo
295 1509 392 1564 nono,
419 1489 590 1570 quaeritur,
619 1494 712 1571 quale
738 1495 778 1556 sit
798 1493 871 1556 illud
893 1510 982 1578 opus,
1075 1503 1077 1508 ’

64 1598 140 1680 quod
168 1595 264 1660 homo
293 1597 380 1672 lauit,
414 1597 539 1676 quando
568 1591 647 1660 lacit
668 1597 753 1680 quod
784 1583 833 1662 est
862 1600 891 1661 in
924 1602 982 1661 sei

64 1705 93 1768 st
113 1701 227 1767 nullum
248 1711 352 1782 potest
373 1703 455 1777 dari,
484 1718 539 1764 eur
561 1705 604 1764 ita
625 1704 752 1768 docetur
773 1706 874 1770 laeere
897 1685 981 1785 duod

64 1811 155 1874 nescit
181 1809 257 1889 quid
278 1809 339 1876 sitt
382 1809 416 1871 si
440 1815 542 1871 autem
563 1818 624 1882 est,
654 1811 748 1874 detur.
791 1811 828 1873 Et
850 1813 981 1891 datura
1037 1783 1042 1806 ⁸

64 1913 242 1995 quibusdam
264 1924 353 1978 aetus
374 1905 521 1991 diligendi
541 1895 636 1976 Deum
660 1933 755 1996 super
775 1919 889 1982 omnia.

136 2073 194 2137 Hie
218 2073 270 2154 (ut
297 2074 452 2165 digrediar
473 2071 601 2158 parum)
628 2075 696 2143 dien
718 2076 865 2154 primum:
902 2079 982 2144 tales
1027 2103 1028 2108 ¹

42 2245 47 2262 ,
63 2182 222 2261 magistros
240 2180 358 2260 galiae
374 2182 430 2244 Dei
452 2179 526 2242 nihil
547 2182 685 2259 tribuere
694 2191 820 2262 praeter
841 2191 982 2248 ornatum

65 2288 210 2368 quendam
245 2287 392 2366 operibus
421 2289 557 2361 nostris,¹
579 2305 659 2375 nnn·
678 2293 830 2366 ut-‚sauet
859 2306 983 2368 aegros,

64 2395 115 2458 sed
135 2401 167 2457 ut
196 2402 284 2457 ornet
311 2395 418 2458 sortes.
461 2393 564 2470 Opera
586 2411 755 2472 possumus
778 2395 897 2473 laeena,¹
923 2397 981 2461 sed

63 2517 118 2565 non
138 2501 281 2564 colorata.
334 2498 372 2561 Ει
398 2501 442 2562 ita
473 2499 571 2578 gratia
598 2509 647 2562 est
673 2517 725 2562 res
747 2502 898 2564 vilissima
924 2503 979 2566 do·
1011 2517 1017 2528 ·

65 2623 190 2686 numque
212 2623 274 2670 nou
296 2605 507 2670 necessarium
529 2613 655 2684 propter
676 2623 750 2680 nus,
776 2609 832 2672 sed
854 2616 980 2708 propter

66 2716 245 2778 voluntatem
273 2719 304 2775 et
331 2691 527 2776 intentionem
549 2713 779 2790 praecipientis,
812 2722 846 2775 ut
867 2713 977 2776 dieunt.

65 2819 98 2882 tu
117 2821 186 2899 quis
207 2815 325 2882 haue
316 2816 455 2896 injuriam
484 2797 576 2884 ierat
582 2817 796 2883 Christianus?
809 2792 986 2890 Christus

66 2943 132 3005 ergo
152 2925 247 3003 gratis
269 2931 408 2988 manuus
430 2932 478 2988 est
497 2941 555 3003 pro
577 2924 682 3006 nobis
713 2924 770 2988 sed
788 2943 852 3010 pro
881 2928 978 2992 inten

65 3033 141 3096 ione
159 3031 215 3094 Dei
243 3047 358 3110 passus
388 3038 444 3094 est.
486 3031 549 3094 Nos
577 3048 638 3093 non
668 3032 824 3110 eguimus,
856 3035 911 3096 sed
933 3016 984 3096 ιιι-1

67 3139 154 3202 tentio
181 3137 414 3218 praecipientis,
443 3139 470 3200 si
500 3137 625 3218 quidem
652 3152 720 3198 nos
711 3112 929 3238 potuimus
922 3159 985 3230 rua:

68 3243 146 3322 plere
172 3250 287 3337 legem;
324 3243 381 3306 sed
411 3243 494 3306 Deus
521 3261 582 3332 non
610 3249 676 3326 erat
701 3228 876 3318 contentus,
904 3247 985 3340 quitu¹

68 3351 140 3414 uiua
165 3352 262 3428 legem
286 3352 497 3413 exactionator
517 3355 602 3412 esset
625 3350 743 3442 gratiae
764 3367 840 3413 suae
847 3369 857 3430 ;
884 3359 914 3413 et
935 3355 985 3427 ita¹

68 3455 140 3518 redit
163 3474 223 3520 non
243 3456 402 3534 Pelagine,
434 3455 489 3519 sed
517 3454 605 3550 pejor
631 3435 862 3545 blasphemator
883 3443 975 3536 quam
1038 3445 1043 3457 ’

69 3562 212 3640 Pelagius.
255 3561 306 3625 Sie
326 3561 423 3625 neum
450 3579 543 3641 super
573 3561 675 3624 omnia
699 3559 783 3654 diligi
803 3551 986 3679 naturaliter,

70 3669 240 3741 invenimus,
263 3675 293 3732 et
313 3685 374 3731 non
396 3649 621 3750 pudetd'ieere,
646 3661 871 3745 superomnia
901 3635 984 3729 'sul'

72 3777 166 3836 tamen
199 3775 386 3853 respondeo:
432 3774 464 3838 Si
503 3782 590 3838 actus
623 3771 766 3850 diligendi
798 3771 895 3834 Deum
928 3779 978 3835 est

71 3881 165 3944 lacere
192 3879 273 3962 quot
298 3887 347 3945 est
375 3881 405 3943 ln
433 3881 483 3954 se,
512 3874 614 3944 adhue
642 3879 750 3956 stabit,
777 3869 863 3960 quad
882 3877 976 3944 hume
