2386 4316
352 255 455 330 confici
475 220 675 356 danicorum
697 279 701 284 ’
898 257 961 326 323
1020 219 1023 228 ι

81 526 193 590 Sicut
213 529 389 605 fragmen
410 527 500 589 maii
522 528 656 590 Punici
685 543 809 606 genae
825 493 925 616 tuae.

128 681 326 752 Rubicundae
350 697 447 757 genae
460 678 497 759 a)
522 673 707 744 etiam'sunt
736 653 854 760 insigne
872 699 961 745 oma-
1024 715 1032 728 =

43 795 198 864 mentnm;
219 787 292 848 nihii
313 787 439 865 proprie*
455 795 556 865 agunt,
578 785 694 850 tantum
707 789 808 851 lucent
828 796 858 850 et
872 803 962 866 spec-

44 900 163 967 tantum
197 909 257 955 non
277 893 390 955 'docent
422 893 501 956 sicut
533 893 612 954 oculi
643 903 672 955 et
699 894 815 956 dentes.
864 894 962 970 Quare
1035 889 1044 955 Γ
1059 953 1066 966 ,

43 1015 104 1077 ego
127 999 327 1070 accommodo
349 998 666 1082 adconversationem
687 1015 744 1070 seu
765 1014 867 1061 mores
889 998 961 1060 doc-

43 1115 145 1169 torum
167 1107 198 1167 in
219 1103 366 1177 ecclesia,
399 1105 428 1167 in
455 1105 505 1170 his
533 1107 625 1168 etiam
648 1107 750 1168 lucere
771 1104 863 1168 debet
883 1105 962 1180 ignis

42 1213 189 1285 caritatis,
211 1212 290 1276 sicut
311 1208 630 1296 Christus.dicit**):
652 1209 766 1278 Luceat
784 1213 838 1276 lux
858 1217 962 1274 vestra
1080 1263 1089 1317 ',

42 1333 150 1382 coram
170 1317 356 1382 hominibus.

42 1481 158 1546 Sicut
195 1484 317 1568 turris
351 1483 473 1571 David
517 1485 663 1548 collum
700 1491 821 1555 tuum,
861 1454 987 1562 quae*

129 1587 351 1651 aedificata
371 1596 431 1653 est
453 1605 533 1652 cum
556 1588 879 1669 propugnaculis.

130 1744 198 1806 Hoc
219 1758 345 1822 quoquo
367 1744 406 1804 ad
426 1743 569 1812 doctores
582 1739 664 1824 aaa)
687 1745 824 1824 pertineo
857 1743 963 1822 Neque
1022 1750 1024 1756 '

42 1851 127 1913 enim
150 1851 251 1914 solum
273 1847 448 1922 aedificare,
469 1848 524 1924 sed
545 1850 636 1914 etiarn
658 1849 821 1914 defendere
841 1849 962 1916 debent.
1055 1870 1057 1882 s

42 1957 200 2036 Tempore
220 1955 308 2034 pacis
328 1953 499 2018 docendum
520 1963 584 2029 cst,
611 1956 682 2022 belii
703 1963 805 2020 autem
826 1963 964 2034 ternpore
1018 2001 1022 2008 .

43 2061 254 2142 pugnandum,
276 2067 307 2124 et
327 2060 529 2124 resistendum
552 2062 684 2126 Satanae
706 2079 743 2124 ac
758 2060 930 2130 haereticis.
999 2067 1007 2074 '

44 2229 49 2236 .
129 2169 202 2234 idco
223 2167 348 2248 requirit
368 2167 398 2229 in
418 2165 478 2228 hac
499 2166 626 2245 pulchra
648 2168 745 2232 forma
782 2166 902 2230 firmum
934 2174 964 2229 et

44 2283 166 2342 rectum
188 2276 315 2347 coitum,
336 2272 419 2351 quod
441 2283 598 2351 comparat
620 2276 693 2340 turri
715 2269 962 2348 Davidisiffl).
1020 2289 1025 2298 ⁸

42 2384 90 2445 De
111 2382 172 2446 hac
185 2383 257 2445 turri
278 2369 480 2470 nihilsserrstat,
503 2379 586 2456 quod
608 2379 712 2453 sciam,
733 2380 763 2442 in
777 2379 876 2442 sacris
897 2379 963 2441 lite-

41 2489 102 2560 ris,
125 2487 183 2549 sed
211 2488 277 2549 sine
306 2484 398 2546 dnbio
427 2483 630 2546 munitissima
650 2485 719 2560 iuit,
753 2492 783 2562 et
812 2485 964 2562 instructa

44 2593 86 2654 ad
104 2591 302 2671 depellendos
321 2579 439 2652 h'o'stes.
473 2591 524 2652 Sic
546 2590 700 2654 doctorem
723 2591 812 2653 dccet
833 2590 963 2652 instruc-

43 2707 111 2762 tum
134 2713 214 2773 esee,
234 2703 268 2760 ut
291 2697 459 2774 sitpotens
480 2697 510 2758 in
533 2697 676 2774 doctrina.
720 2697 776 2760 Tit.
799 2696 826 2760 1.
931 2726 946 2768 ,ι

217 2863 323 2925 Mille
347 2833 464 2940 clipei
487 2863 658 2942 pendent
680 2870 726 2926 err
746 2879 800 2952 ea
905 2918 907 2927 ,

131 3017 198 3082 Hoc
227 3017 310 3080 addit
337 3018 376 3079 ad
407 3017 639 3094 significandam
661 3018 795 3096 copiam,
828 3031 890 3093 qua
917 3013 963 3076 in·

46 3125 154 3188 stnrcti
184 3124 296 3186 debent
326 3139 398 3188 esse
422 3124 564 3188 doctores
595 3130 700 3186 contra
722 3122 820 3184 omnis
842 3121 962 3200 generis
986 3191 1000 3209 u

45 3230 271 3294 haereticorum
306 3237 336 3292 et
364 3230 495 3292 Satanae
524 3231 613 3292 dolos
644 3235 675 3292 et
705 3228 837 3293 fraudem
896 3225 963 3292 Fuit

46 3346 150 3400 autern
182 3337 212 3398 id
241 3336 270 3398 in
300 3336 360 3400 hoc
398 3338 508 3414 populo
544 3352 580 3396 eo
617 3334 715 3412 magis
747 3332 963 3406 necessarium,

34 3444 133 3523 ‘quod
155 3450 262 3505 natura
287 3442 495 3520 propendebat
516 3441 553 3502 od
577 3439 785 3513 idololatriam,
809 3439 960 3530 adquam

120 3757 154 3828 ¹⁶)
183 3701 313 3842 Genua¹
336 3755 380 3827 “)
401 3757 486 3812 uarro.
510 3755 535 3810 5.
592 3756 648 3822 ru)
670 3752 790 3808 Officium
818 3701 967 3808 doctorum:

46 3851 129 3921 Μ’),
151 3851 243 3908 Turris
261 3849 376 3924 Doridis.
458 3893 462 3906 .
665 3849 669 3856 “

683 3949 753 4021 at*
