2386 4316
243 108 247 118 ι
327 101 339 134 Ι
349 77 352 86 1

186 205 249 276 358
466 221 469 230 ’
523 207 612 294 caput
633 224 764 278 octavum
786 269 789 276 .

185 411 311 473 operum
333 393 387 457 Dei
400 392 451 472 ὓ),
477 397 558 475 quud
580 412 637 480 peu
659 413 698 458 ex
718 397 842 459 deserto
864 403 896 459 et
916 395 1008 458 arida
1031 405 1107 459 terra

185 500 374 578 proveniunt.
416 499 501 579 impii
528 485 635 564 ssorc'nt
661 509 691 562 et
722 503 873 580 prodeunt
901 519 960 564 ceu
990 519 1034 564 ex
1055 501 1118 580 pe?

183 604 287 667 radiso
312 605 550 682 jucundissima,
578 607 629 670 ubi
652 607 725 668 nihil
754 608 873 670 ridetur
901 625 990 680 esse,
1023 612 1107 686 quad

184 710 380 792 deformitatis
410 711 523 790 aliquid
553 697 668 776 habere
698 714 827 808 possit.⁸
848 713 985 792 Econtra
1008 716 1107 776 accle-

186 817 233 880 sia
255 823 285 880 at
303 819 436 896 populus
451 796 503 882 Dei
527 819 645 882 videtur
662 836 702 880 ex
722 799 850 882 deserto*
862 821 996 898 prodire
1031 819 1105 881 Nam

139 945 147 965 κ
184 921 251 998 eius
273 923 370 1001 gioria
398 931 513 985 tantum
541 925 570 986 in
592 925 688 988 verbo
711 927 848 988 cernitur.
894 926 927 987 Si
951 942 991 986 ex
1014 941 1104 1002 para·

184 1027 252 1094 diso
275 1029 464 1104 ascenderet,
486 1029 645 1092 miraretur
660 1047 728 1092 eam
751 1015 892 1104 muudus,
915 1031 975 1106 sed
998 1032 1103 1093 deser·

179 1127 247 1196 ‘tum
269 1151 328 1198 non
351 1135 482 1202 miratur.

129 1279 130 1284 κ
165 1279 169 1298 ,
209 1224 210 1234 ’
264 1239 301 1301 Et
325 1248 440 1314 tamen,
470 1241 579 1319 inquit,
608 1241 741 1302 innititur
768 1241 900 1313 deliciis,
932 1258 1014 1320 quas
1044 1244 1101 1304 sci-

98 1355 101 1366 ·
181 1347 252 1408 licet
275 1343 400 1407 veritum
423 1345 559 1408 affundit
601 1343 889 1436 Ubiauuque'enim'
904 1355 955 1408 ast
973 1347 1098 1409 verbum

181 1452 253 1526 Dei,
276 1452 317 1514 ibi
340 1467 469 1514 necesse
490 1459 539 1518 est
560 1469 631 1514 esse
653 1452 791 1529 spiritum
804 1459 971 1528 sanetum,
1000 1453 1098 1544 tidem,

17 1639 23 1648 ¹
126 1601 130 1616 .
182 1563 212 1620 et
233 1558 292 1620 alia
321 1556 446 1636 spiritus
474 1556 563 1619 dona.
605 1558 678 1620 Ideo
706 1566 788 1620 recte
815 1558 887 1620 dicit
914 1575 984 1620 eam
1006 1561 1097 1633 inniti,

80 2433 82 2456 .
145 2430 147 2444 ¹
179 2406 226 2468 sic
246 2404 383 2474 definiat,
411 2404 494 2494 quod
522 2403 562 2466 sit
584 2404 716 2466 ¹credere
737 2410 768 2466 et
789 2403 873 2467 inniti
895 2405 1001 2466 verbu.
1042 2407 1094 2482 Qui

147 1724 150 1735 ‚
180 1671 211 1725 et
231 1679 431 1740 praesumere
453 1663 491 1726 de
514 1663 592 1737 Dea,
614 1663 643 1724 in
666 1663 753 1740 cujus
776 1663 871 1726 verbo
893 1664 942 1726 sic
965 1665 1095 1741 pertica-

180 1768 254 1830 citer
274 1768 391 1832 haeret.
434 1767 558 1831 Etiamsi
586 1757 666 1848 qirae
686 1777 791 1832 sectae
818 1770 891 1842 sim,
921 1777 1024 1832 tamen
1047 1789 1095 1833 cu·
1172 1789 1173 1794 ¹

179 1891 243 1936 ram
257 1876 329 1937 Deo
362 1859 577 1946 obscuramur,
605 1855 640 1936 'et
661 1883 777 1938 tantum
797 1876 939 1936 ridentur
960 1877 1017 1954 pii,
1049 1879 1096 1938 aiii

180 1981 210 2042 in
232 1982 314 2043 nulia
335 1988 406 2044 sunt
427 1959 571 2042 numeros
595 1980 679 2042 idem
701 1981 739 2043 de
754 1955 890 2059 pec'catis
912 1988 943 2042 et
965 1981 1033 2046 aliis
1055 1961 1098 2043 in}

147 2113 149 2124 ·
181 2086 371 2148 firmitatibus
387 2076 659 2150 sentiendume'st.
700 2085 767 2164 Ego
789 2087 861 2149 oiim
881 2087 961 2178 haec
978 2104 1097 2151 accum-

98 2218 102 2226 =
142 2209 152 2272 J
183 2191 346 2263 medabam
368 2191 408 2252 ad
422 2192 615 2265 animam,.et
629 2192 669 2278 ad
686 2193 909 2270 speculativam
925 2195 1019 2256 vitam
1031 2191 1097 2275 ii)‚

181 2299 238 2362 sed
267 2298 335 2376 qui·
349 2298 413 2359 vult
440 2280 674 2376 speculativam*
691 2299 783 2360 vitam
805 2315 878 2360 vere
899 2297 1041 2374 definire,
1069 2302 1095 2362 is
1174 2371 1175 2444 1

179 2513 259 2575 enim
287 2509 353 2572 sine
381 2509 476 2572 verbo
496 2510 716 2587 speculantur,
753 2510 971 2574 subvertuntur
989 2528 1018 2580 ,a
1046 2529 1094 2574 sa·

180 2626 260 2692 tarra,
281 2605 360 2682 sicut
381 2632 442 2677 narr
463 2616 560 2677 semei
574 2603 719 2693 expertus
741 2632 819 2678 sum.
863 2617 965 2693 Quare
979 2618 1094 2682 somnia
1174 2617 1175 2674 i

178 2723 238 2786 ista
259 2720 450 2800 abjiciamus.

318 2971 322 2978 k
385 2887 597 2964 Sub'pomo
620 2886 823 2949 suscitavi
845 2893 895 2982 ιβ,

191 3012 198 3028 “
248 3042 345 3119 -Quod
367 3041 515 3120 interpres
535 3039 682 3104 reddidit:
703 3017 910 3118 ibi'corrupta
931 3049 981 3104 est
1001 3051 1093 3114 mater

178 3159 239 3224 tua,
261 3149 440 3210 manifestus
462 3163 545 3210 error
572 3153 627 3210 est.
669 3146 746 3209 Nam
772 3147 956 3211 vocabulum
978 3165 1092 3226 poenae

179 3255 377 3319 commutavit
404 3252 436 3314 in
467 3252 648 3316 vocabulum
680 3255 798 3341 culpae.
851 3254 988 3317 Verbum
1017 3256 1091 3316 euim

180 3361 231 3422 hic
252 3359 374 3439 proprie
395 3357 547 3440 significat
567 3360 702 3427 laborem
725 3349 871 3432 enitendi,
894 3376 951 3422 seu
972 3363 1091 3424 dotores

178 3449 299 3547 partus,
329 3455 519 3546 quamquam¹
542 3463 654 3533 alicubi
682 3464 863 3543 accipiatur*
877 3483 933 3552 pru
960 3485 1091 3530 corrum-

40 3751 46 3758 .
141 3693 143 3698 ¹
223 3715 283 3782 st)
301 3709 482 3774 Praedicatum
500 3715 657 3781 perpetuum
675 3716 783 3782 apertam
802 3713 859 3768 Dei.
931 3713 979 3782 ”)
997 3715 1089 3784 Specu-

105 3815 109 3832 ‘
182 3805 263 3860 latire
283 3808 376 3860 vita„
