2308 4316
202 221 246 296 Οἳ
528 237 618 315 capta
636 238 796 302 seeundum

245 436 246 442 ἵ
307 453 443 520 Verum
465 455 608 542 idvidi
631 460 675 524 ds
697 477 808 523 msnu
829 461 896 524 Dei
917 435 1011 546 esse.

182 607 185 614 ¹
282 584 431 650 Notabilis
458 588 623 662 sententia,
659 607 697 652 ao
725 592 848 668 egregia
876 592 1025 664 doctrina,
1053 595 1097 656 sed

199 690 280 755 hano
301 693 401 756 minus
422 701 518 772 urget,
540 712 634 773 quam
656 698 855 774 superiorem,
877 697 965 776 quod
981 697 1047 760 ideo
1065 699 1096 774 fit,

199 800 272 879 quia
286 798 466 891 affirmativa
486 817 547 864 non
562 802 641 865 adeo
663 801 764 876 afficit,
786 811 819 866 ut
834 806 984 882 negativa,
1006 821 1096 884 qnem-

199 902 365 968 admodum
393 913 423 968 et
452 906 502 968 illa
535 907 730 970 affirmativa:
770 908 836 986 rgo
857 909 1002 973 Dominus
1027 909 1095 974 Deus

197 1018 278 1084 tuus,
300 1013 352 1090 qui
374 1013 510 1076 eduxite
531 1015 571 1075 do
586 1021 666 1077 terra
679 1016 823 1092 Aegypti.
866 1015 975 1078 Statim
989 1016 1095 1093 quidem

199 1118 315 1192 dieitur,
336 1119 391 1182 ssd
412 1137 473 1182 non
491 1119 583 1182 afficit
602 1135 669 1182 nos
711 1121 743 1180 in
762 1122 904 1207 negativa
925 1137 997 1184 vero
1014 1121 1095 1199 maior

196 1227 246 1288 vis
267 1233 316 1288 est
328 1225 371 1304 θ).
415 1226 481 1288 Νοη
496 1223 628 1288 habebis
640 1226 723 1292 Deos
741 1216 856 1288 diisnos
873 1243 977 1289 onrarn
990 1236 1093 1317 meato.

198 1332 250 1394 Sic
277 1339 307 1395 et
334 1331 384 1394 bio
411 1331 622 1395 affirmativam
650 1331 744 1394 hono:
778 1331 890 1396 bonum
919 1339 967 1396 est
996 1333 1093 1397 homini

197 1439 359 1505 comedere
379 1445 438 1500 eto.
459 1439 569 1517 paucis
589 1444 712 1512 traotst,
741 1438 797 1502 sed
819 1438 849 1500 in
870 1440 1012 1516 negativa
1029 1441 1093 1500 mot·

195 1554 247 1610 tus
268 1554 325 1618 est,
347 1551 380 1608 nt
401 1551 510 1623 arguat
530 1551 562 1608 et
582 1544 725 1608 ostendat
745 1545 834 1608 nobis
855 1553 992 1636 nostrum
1011 1547 1093 1608 stulti-

195 1650 278 1725 tiam,
299 1650 428 1724 scilieet,
450 1650 535 1729 quod
555 1649 630 1712 nihii
652 1649 804 1714 enormis
822 1651 976 1716 universis
996 1654 1092 1716 rostris

195 1758 333 1823 consiliis
350 1765 380 1822 ot
395 1756 562 1829 laboribus,
584 1757 636 1835 qui
654 1759 736 1822 auris
748 1756 955 1828 distrahimur,
976 1766 1005 1819 et
1019 1775 1092 1837 praa-

169 1864 335 1974 ⁸sentibus
357 1881 417 1926 non
434 1864 558 1937 utimur,
579 1863 622 1930 ita
643 1864 760 1928 crassis
780 1862 849 1926 istis
864 1869 984 1942 oportet
997 1865 1090 1942 tnqna-
1144 1945 1145 1954 ἵ

194 1980 243 2036 tur
270 1971 386 2034 crassis
414 1975 446 2032 et
465 1969 568 2034 multis
594 1966 698 2035 verbis
727 1977 820 2048 atque
846 1969 1009 2048 exemplis3
1033 1987 1089 2032 nam

194 2078 387 2158 sapientibus
417 2085 517 2148 ,totum
548 2094 611 2143 uno
642 2078 738 2140 verbo
765 2077 928 2141 diceretur:
962 2076 1088 2143 Dominus

89 2175 95 2188 ’
120 2178 124 2184 ’
192 2183 263 2264 ipse
282 2191 331 2248 est
350 2184 435 2254 nnn
455 2191 527 2248 tuus
549 2190 607 2251 etc.

165 2345 282 2433 ,Nam
321 2349 413 2430 quis
449 2349 538 2426 plus
578 2319 822 2430 committet
857 2347 975 2426 Plura
1006 2347 1086 2412 soris

460 2453 589 2532 gessit
610 2469 723 2533 quam
745 2451 838 2533 080?
1079 2446 1082 2459 ,

274 2602 394 2682 ndegnt
420 2619 509 2666 suam
538 2583 771 2682 erperientiam:
804 2598 879 2660 Nam
902 2597 930 2661 si
952 2614 1021 2676 ego,
1047 2599 1086 2678 qui
1142 2601 1143 2608 ’

151 2679 163 2702 ‘
193 2710 305 2774 multas
325 2725 376 2774 res
391 2711 484 2788 gessi,
506 2714 537 2786 et
557 2704 713 2796 abundavi
731 2704 873 2768 omnibus
886 2689 985 2778 b'onis,
1004 2713 1086 2767 tanen

192 2834 253 2881 non
275 2833 344 2880 sum
365 2822 591 2896 consequutus,
620 2800 828 2893 quoo'vorut,
855 2812 979 2892 quando
1004 2812 1085 2874 mium

160 2931 165 2944 ⁴
192 2923 263 3016 ntiii
290 2923 318 2986 si
338 2922 423 2985 Deus
443 2939 503 2984 non
525 2921 578 2982 det
598 2918 752 2982 laetitiam.

110 3132 113 3136 -
147 3115 150 3120 ·
190 3089 296 3153 Deus
323 3084 487 3162 h'omini,
519 3085 584 3166 qui
611 3084 745 3162 planet
772 3082 820 3158 ei,
849 3081 1085 3176 datlsapion·
1140 3159 1141 3166 ἵ

85 3273 90 3278 ¹
191 3194 281 3257 tiam
313 3203 349 3258 et
378 3194 585 3258 scientiam
620 3197 658 3254 et
688 3191 889 3252 laetitiam.
938 3191 983 3249 At
1010 3201 1084 3266 pec·
1140 3211 1141 3250 4

191 3301 318 3364 satori
352 3301 416 3362 dat
444 3297 682 3371 molestiam,
714 3295 754 3359 u't
783 3301 925 3372 nogent
952 3302 987 3356 et
1011 3309 1083 3354 eon·

191 3412 343 3486 gregat,
364 3413 401 3468 et
421 3406 534 3470 detur
555 3404 605 3479 ei,
627 3403 692 3484 qui
708 3403 785 3464 Deo
806 3402 946 3479 piacet,
979 3399 1083 3475 Quare

232 3519 270 3575 et
289 3512 369 3574 boe
388 3525 527 3574 vanum
549 3514 609 3572 est
629 3516 670 3571 et
691 3507 864 3570 afflietio
884 3504 1050 3584 spiritns.
1139 3539 1140 3542 =

229 3603 233 3612 Ι
273 3641 361 3718 Quod
380 3637 441 3703 hoo
461 3639 501 3702 sit
514 3639 628 3701 donum
643 3637 707 3714 Det,
728 3650 824 3716 posse
845 3651 917 3699 esse
930 3638 1078 3699 contentum

188 3769 395 3790 W

263 3835 296 3908 e)
314 3834 442 3905 Negotiva
459 3834 543 3903 magis
563 3839 641 3904 urget
658 3847 735 3906 quum
754 3831 916 3924 affirmativa.
