2308 4316
217 225 226 252 ⁹
308 244 495 340 Ecclesiastico
513 245 685 319 Salomonis.
910 238 952 312 61

56 425 153 504 inquit,
177 405 301 497 laboro,
327 411 467 505 relinquo
485 426 573 519 ¹haec
598 430 649 489 vel
678 426 877 508 contemptpri
904 403 980 492 vet

57 530 200 610 direpturi,
229 530 314 609 quod
332 540 417 622 *certe
438 541 486 596 cst
508 535 717 600 vanissimum.

58 659 140 737 Quid
157 659 412 744 enimhonnini
433 663 611 743 proderit
630 664 740 726 tabor
755 663 873 729 suus?
894 671 951 727 etc.
994 707 999 756 t

124 783 218 863 Copia
240 791 296 848 est.

389 891 464 954 Nec
485 890 611 956 noctu.
648 903 655 922 ⁸

124 1019 183 1082 Gor
211 1037 301 1083 suum
330 1021 421 1082 otiam
443 1029 533 1085 nocte
552 1039 613 1085 non
636 1023 781 1102 quiescit,
809 1023 881 1089 dum
908 1025 955 1088 sic

56 1127 166 1200 laborat,
189 1134 221 1188 ut
243 1143 303 1188 non
318 1129 418 1189 solum
440 1145 495 1206 per
516 1129 596 1191 diem
617 1147 680 1192 rem
703 1107 825 1207 agr'egie
846 1127 957 1194 efficiat

55 1241 79 1294 et
96 1232 240 1306 stabiliat,
261 1233 317 1295 sad
339 1235 430 1295 etiam
451 1242 552 1309 noctu,
571 1237 694 1314 quando
710 1236 854 1320 perfecit,
878 1253 956 1315 quo·

56 1338 133 1400 nodo
154 1347 317 1402 conservet
338 1347 370 1402 et
390 1349 522 1432 augeat
631 1367 633 1375 ·

54 1467 173 1530 Nonne
193 1468 318 1546 igitur
339 1470 477 1535 melius
500 1478 561 1532 est
581 1469 726 1534 homini
749 1471 955 1538 comedero

55 1581 84 1636 et
106 1563 255 1656 bibefe,
283 1583 319 1638 et
346 1574 568 1639 exhilarare
595 1578 755 1640 animam
783 1593 890 1642 suam
919 1578 956 1642 in

54 1681 180 1746 labore
208 1676 302 1745 suoi
342 1683 480 1746 Verum
507 1681 545 1746 id
571 1684 652 1746 vidi
679 1685 725 1748 de
753 1701 864 1749 manu
889 1685 957 1748 Dei

447 1803 570 1857 esse..

122 1917 207 1980 Haec
236 1925 284 1980 est
308 1917 464 1980 conclusio
485 1918 676 1998 principalis,
704 1919 765 1982 inno
795 1911 987 2000 consilium.
1038 1945 1040 1953 ’

56 2025 135 2088 totius
155 2023 238 2097 libri,
267 2021 350 2105 quod
378 2039 475 2103 saepe
494 2031 619 2104 repetet.
661 2015 777 2104 Estque
797 2023 847 2086 hic
868 2027 955 2088 locus
1018 2051 1020 2086 ;

55 2131 186 2209 insignis,
227 2131 281 2209 qui
314 2127 439 2208 exponit
470 2130 572 2192 omnia
605 2129 877 2209 praecedentiam
906 2147 956 2195 se·

57 2237 181 2316 quentia,
220 2236 269 2298 sic
302 2251 377 2304 nero
409 2237 564 2315 consentitx
591 2253 660 2299 curn
694 2238 956 2315 praecedentibus,

56 2344 124 2405 istae
142 2343 317 2422 voluptates
339 2349 411 2409 sunt
431 2339 631 2418 damnandae,
654 2359 733 2422 quas
748 2343 861 2414 nostris
883 2359 957 2411 con·

57 2450 122 2512 siliis
149 2464 295 2528 paramus
322 2448 354 2512 in
379 2452 518 2514 futurum.
560 2449 614 2511 lsti
641 2449 713 2512 item
740 2449 864 2513 labores
886 2458 958 2515 sunt

59 2556 222 2630 damnandi,
251 2570 332 2634 quos
353 2557 466 2618 nostris
494 2555 630 2618 consiliis
659 2570 806 2618 conamur
828 2555 957 2620 efficere.

57 2661 126 2723 Istae
151 2661 426 2747 ver00voiuptates
455 2669 486 2724 et
511 2661 649 2734 labores,
677 2678 758 2739 quos
785 2661 869 2726 Deus
896 2663 957 2739 dat,
991 2705 1001 2726 .

57 2769 120 2828 boni
137 2775 220 2841 sunt,
240 2767 362 2846 illisque
381 2768 526 2830 utendum
548 2769 579 2828 in
601 2775 764 2845 praesens,
786 2769 853 2832 sine
874 2771 957 2832 solii-

58 2873 174 2935 eitudine
201 2873 383 2947 defuturis,
411 2875 459 2936 vel
487 2873 701 2943 afflictionibus
722 2875 772 2938 vei
793 2875 957 2955 voluptati·

58 2979 117 3042 hus.
156 2979 218 3041 Sed
246 2979 318 3058 qnis
339 2978 399 3042 hoc
421 2981 544 3058 potest?
581 2979 676 3043 Recte
696 2981 818 3060 quidem
840 2981 957 3055 dicitur,

60 3085 107 3172 sed
124 3102 182 3148 non
204 3084 246 3158 iit,
267 3085 351 3163 quod
372 3086 527 3162 sapienter
543 3087 729 3164 proponitur,
749 3088 810 3151 imo
832 3089 958 3151 audien·

60 3197 175 3252 tecnon
195 3191 353 3263 audimus,
380 3190 521 3253 videntes
550 3208 610 3254 non
633 3194 790 3268 videmus,
816 3201 847 3256 et
867 3211 957 3257 nemo

60 3297 200 3374 sequitur;
227 3313 336 3360 sumus
356 3297 438 3358 enim
458 3297 592 3362 immersi
613 3299 725 3362 studiis
748 3307 778 3361 et
798 3299 881 3362 curis
902 3317 958 3378 pa·
1012 3307 1015 3318 ¹

59 3403 133 3464 randi
158 3409 189 3466 et
220 3401 372 3465 efficiendi
396 3419 448 3466 res
481 3411 613 3467 nostras.
661 3405 720 3468 Cor
746 3413 795 3468 cst
821 3407 957 3470 consiliis

62 3524 199 3583 aversum,
220 3517 251 3572 et
271 3510 407 3588 quotidie
427 3509 527 3588 magu
548 3511 692 3588 armagis
708 3512 840 3574 irritatur
861 3519 892 3574 et
912 3513 958 3574 in·

63 3615 207 3702 quietatur.
250 3615 307 3692 Qui
321 3625 391 3680 sunt
410 3617 462 3696 pit,
487 3616 638 3680 abstinent
657 3619 787 3694 acuris;
808 3618 958 3698 reliquum

62 3719 203 3786 hominum
229 3740 328 3800 genus
347 3721 443 3786 habet
463 3724 560 3787 vitam
579 3723 754 3803 inquietam,
776 3723 874 3788 donec
894 3741 960 3788 mo·

61 3827 169 3892 riantur.
209 3829 288 3892 dicit
307 3845 400 3908 ergo:
