2308 4316
92 329 96 346 1
200 215 241 288 lt
423 315 427 326 ⁵
506 233 633 310 boul
652 229 780 308 prium

197 415 263 470 erat
283 407 334 470 sui
354 408 489 474 numeris
510 424 612 488 neque
631 407 724 475 officii
745 410 870 484 dooere,
892 411 950 476 sed
971 412 1102 480 sacerdo·

199 523 262 578 tum
284 523 315 576 et
331 513 513 578 Levitamm.
556 516 654 592 Quare
676 517 754 580 haee
776 519 904 584 arbitror
924 518 1003 588 utun
1021 519 1101 580 aSa·

198 622 320 684 lamone
341 623 370 684 in
389 631 538 686 monento
554 625 688 702 quodam
701 641 836 698 suorum,
857 620 984 703 senff)
999 641 1101 686 acon·
1129 636 1130 691 l

90 813 108 822 -
150 763 154 775 ·
198 729 297 802 trivio,
319 729 366 792 rel
389 731 480 791 etiem
503 730 579 793 intra
600 733 791 804 conuiuium:
825 731 1037 808 praesentibus
1055 732 1099 790 ali·
1129 737 1130 746 ³

199 843 274 914 qtrot
295 835 415 911 magnis
434 837 507 898 viris
529 845 559 898 et
580 840 769 915 proceribus,
792 847 955 916 postquam
972 837 1049 914 aprrd
1069 854 1098 898 se

197 941 249 1002 diu
283 949 312 1002 ol
344 943 470 1005 mullum
499 945 666 1020 cogitasset
699 946 738 1006 de
771 961 869 1008 rerum
903 943 1097 1016 humanamnr,
1130 940 1131 1022 l

199 1065 257 1109 seu
279 1049 380 1127 polius
403 1047 567 1112 affectuum
590 1051 763 1113 corrditione
799 1059 828 1112 et
851 1050 999 1121 uanitate,
1028 1067 1096 1127 quae

195 1155 242 1216 sic
264 1162 374 1232 postea
395 1154 504 1235 (rrtllt)
530 1155 588 1218 illis
601 1157 815 1235 praesentibus
831 1154 981 1229 effudero,
1000 1155 1095 1218 deinde

196 1261 315 1324 abillis
338 1261 415 1339 ipsis
437 1262 592 1337 magistris
620 1262 847 1327 communitatis
882 1263 930 1340 vel
953 1260 1095 1322 Ecclesiae

194 1373 321 1444 exceptu
342 1375 374 1428 et
394 1369 531 1430 collecta.
575 1368 662 1430 Unde
691 1378 722 1432 et
748 1369 778 1432 in
798 1368 858 1430 fine
879 1369 1009 1430 latentur
1028 1367 1094 1428 haee
1131 1345 1132 1382 ³

196 1489 232 1534 so
244 1474 438 1552 accepisses
454 1483 646 1553 paetereuno
658 1470 709 1552 ιι)
723 1474 931 1552 congessisse.
955 1475 1036 1565 Sicut
1049 1493 1093 1536 uu·

192 1580 454 1658 stmrntruisoiam
471 1589 580 1658 posset
601 1581 632 1642 in
647 1581 788 1644 conuiuio
804 1581 932 1666 sedens,
954 1580 1093 1654 derebus

193 1683 337 1748 burmanls
357 1686 532 1764 disputare,
554 1689 637 1758 allis,
661 1687 744 1767 quod
763 1687 932 1760 diceretur,
953 1687 1092 1764 excipien-

98 1841 100 1844 .
193 1791 305 1854 tibus·
326 1792 365 1854 Ut
386 1794 504 1856 seilicet
525 1795 566 1856 sit
586 1794 709 1872 publica
731 1793 852 1861 concie,
874 1809 967 1870 quarn
988 1809 1024 1856 ex
1045 1793 1091 1856 Sa·
1133 1858 1134 1874 χ

189 1899 311 1962 lemnae
339 1899 543 1972 audierint,a
577 1916 639 1978 qua
671 1900 817 1964 concione
834 1885 963 1978 'placuit
994 1899 1089 1972 librum
1133 1876 1134 1964 l

188 2003 271 2067 lrunc
305 2004 452 2068 (lobeleth
486 2005 702 2086 accettemo),
738 2023 799 2068 non
840 2005 923 2083 quod
957 2004 1088 2068 Sulcum

188 2113 256 2190 ipse
278 2112 474 2174 concionator
496 2113 591 2182 luerit,
613 2111 766 2190 sedqned
787 2110 836 2174 lric
850 2111 1087 2174 ttuerconeinne-

187 2226 254 2290 tur,
272 2199 415 2298 tauquam
439 2218 581 2295 publicus
602 2236 713 2283 sermo.
827 2238 830 2246 ’

229 2399 390 2461 vanitas
413 2399 651 2472 vanitatum,
673 2400 771 2462 dicit
793 2393 1052 2461 concionator.

227 2543 240 2554 ’
268 2553 423 2616 Hactenus
439 2533 701 2633 ‘quidemeumma
720 2562 753 2626 et
776 2571 892 2632 scopus
915 2553 980 2615 libri
994 2561 1084 2614 ulmu-

185 2678 247 2739 que
274 2661 415 2738 cognitus
445 2668 509 2732 cst,
543 2670 695 2724 caeterum
719 2659 882 2722 dillicultas
897 2659 932 2735 p)
971 2659 1084 2740 posthoc

185 2767 317 2830 manime
339 2765 395 2828 erlt
422 2765 451 2829 in
477 2769 634 2830 vocabulis
657 2775 686 2830 et
709 2759 805 2844 tropis
828 2765 1000 2834 Hebraicis,
1029 2765 1084 2843 qui-

185 2874 244 2938 bus
266 2872 424 2939 abundant
445 2891 519 2954 prae
541 2875 670 2938 caeteris
687 2874 862 2936 Salomonis
883 2873 960 2936 libri.
1003 2871 1085 2934 Habet

120 2988 124 2994 “
183 2981 262 3056 enim
286 2979 431 3053 Sadonron
453 2971 638 3060 singularem
672 2980 794 3044 modurn
830 2978 987 3060 loquendi,
1022 2978 1085 3056 uult·

184 3103 245 3166 que
272 3087 439 3167 elegantior
456 3087 565 3157 ,videri
593 3103 650 3150 erro
680 3093 764 3166 patre
793 3085 903 3158 Dauid,
935 3091 967 3146 et
997 3100 1083 3168 sermo

182 3191 251 3270 ejus
272 3200 321 3254 est
343 3194 625 3272 mullopicluratior
645 3191 825 3270 eiulatibus
848 3189 1084 3268 tropisornat'ror.

182 3296 273 3365 extra
292 3299 375 3378 vulgi
390 3315 504 3364 morem
527 3300 659 3378 loquitur
679 3306 709 3358 ct
726 3297 832 3369 aulica,
854 3279 980 3372 Davidis
996 3311 1083 3388 seruo

140 3467 151 3475 .
182 3413 229 3469 est
244 3405 417 3483 simplicior,
440 3413 471 3468 at
491 3414 594 3469 tamen
607 3405 785 3482 vulgaribus
797 3401 904 3480 liguris
926 3420 986 3466 non
1005 3406 1083 3463 carel.

136 3653 138 3663 ’
206 3681 228 3699 .·
253 3659 284 3722 ο)
300 3633 475 3710 aaronica
494 3671 541 3708 aa
559 3655 582 3707 a
600 3651 668 3707 rue
682 3653 800 3708 ean-2
816 3651 927 3720 (rme).
973 3651 1007 3723 ρ),
1022 3649 1085 3706 uru-

186 3747 272 3805 eultas
287 3751 374 3804 omnis
393 3752 420 3802 ln
440 3749 574 3802 llebrniois
592 3749 759 3802 dictionibus.
781 3741 784 3746 ’
850 3785 852 3792 ·

255 3843 378 3910 norrea
422 3843 558 3912 rora
