2406 4322
59 335 65 348 ,
246 247 324 340 Μ
591 273 680 349 caput
695 227 810 334 ⁸nouum

245 471 348 522 umore
376 454 487 530 dignus
515 453 555 512 sit
584 460 639 512 eto.
667 446 829 512 voluerunt
857 448 1001 533 homines·
1026 451 1144 514 incertus

196 643 202 652 Ο
243 562 371 625 reddere
392 559 431 622 de
453 559 607 621 voluntate
629 557 682 618 Dei
703 574 777 634 orgo
798 574 864 619 nos.

244 727 351 790 Omni
379 734 553 802 tempore
582 724 661 784 sint
696 724 932 784 vestimenta
965 729 1032 782 tuo
1063 737 1142 781 onn-

244 909 255 916 ὴ
319 869 326 886 ·
367 830 470 904 dido,
493 831 759 904 etoleounge
781 835 899 906 eaput
922 834 1034 887 tuum.

228 981 233 996 ‘
326 985 384 1046 Pro
405 985 464 1045 ritu
491 983 570 1042 illius
592 981 725 1058 regionis
746 980 879 1056 loquitur
899 979 1055 1042 Salomon.
1091 979 1144 1042 Ro·

155 1073 166 1108 ⁵
244 1091 325 1152 muni
356 1096 387 1150 et
415 1089 522 1150 Grueoi
552 1101 733 1164 purpuram,
774 1067 936 1147 orientales
964 1095 994 1148 et
1028 1088 1143 1149 maxime

238 1191 350 1258 ¹ludaei
390 1192 565 1256 candidum
589 1191 750 1269 vestem0)
770 1191 1001 1254 :commendant
1024 1175 1144 1270 'proptor

242 1302 389 1370 lotionem
402 1295 477 1378 ¹⁸²)
502 1306 533 1360 et
552 1297 744 1370 munditiem,
769 1315 862 1374 quum
883 1299 1082 1365 illisiudiose
1101 1317 1143 1362 oo·

243 1407 354 1478 lebant,
376 1397 456 1468 eleut
471 1415 501 1466 et
520 1405 618 1467 Turoa
634 1404 722 1466 lineis
740 1403 883 1466 vestibus
901 1421 958 1481 pro
975 1404 1143 1482 splendidis-

163 1567 168 1575 .
242 1512 330 1574 simis
359 1511 460 1581 utitur,
502 1518 618 1572 einos
648 1511 677 1570 in
710 1511 839 1570 summis
874 1509 963 1572 lestis
992 1510 1070 1572 olbis
1094 1511 1142 1572 sub

242 1597 358 1695 populu
379 1617 428 1678 usi
450 1631 566 1681 sumus.
593 1614 687 1676 *Dicit
708 1631 799 1691 ergo:
825 1613 882 1698 ¹Sis
905 1615 1030 1693 semper
1050 1617 1142 1688 laetus,

244 1731 327 1786 utere
360 1723 417 1784 illis
450 1722 603 1790 vestibus,
637 1719 751 1797 quibus
782 1720 825 1782 uti
860 1721 985 1784 soteuas
1021 1729 1141 1799 temporo

244 1828 453 1890 conviviorum
476 1834 506 1888 et
526 1827 681 1895 lentorum.
734 1877 737 1882 .

382 1991 423 2056 Et
441 1988 515 2068 ¹⁸⁸)
541 1969 628 2054 oleo
651 2009 749 2070 unge
771 1999 890 2068 copul
910 1997 1022 2054 tuum.
1122 1965 1124 1972 Ι

326 2146 358 2206 ld
374 2153 439 2212 est:
460 2145 551 2206 Utere
568 2145 659 2206 etium
674 2144 846 2220 ungnentis,
870 2159 951 2222 quoe
969 2144 1051 2204 Deus
1063 2143 1136 2206 dedit.

126 2237 131 2244 ’
243 2251 353 2313 Iterum
375 2267 431 2329 pro
454 2251 673 2321 consuetudine
695 2251 776 2311 illius
798 2252 897 2326 gentis
920 2250 1064 2328 loquitur,
1084 2253 1137 2329 qui-

243 2359 304 2420 bus
337 2357 366 2418 in
404 2361 531 2430 summis
565 2356 686 2418 deliciis·
719 2365 803 2418 erunt
837 2360 1050 2436 unguentur).
1074 2399 1075 2406 κ
1098 2359 1137 2418 dit

243 2479 332 2540 ergo:
366 2464 411 2524 Tu
432 2462 512 2524 vivis
534 2463 563 2522 in
587 2462 686 2523 media
707 2464 848 2536 vanitate,
870 2465 969 2526 lruere
989 2480 1061 2540 ergo
1081 2465 1137 2534 vitu

235 2585 281 2629 sae
302 2569 362 2630 noli
384 2574 414 2630 le
436 2567 562 2645 perdere
591 2562 865 2645 indignationibus,
895 2571 964 2632 tolle
987 2586 1137 2632 moerorum

243 2691 284 2736 ex
299 2675 413 2749 ‚animo
455 2673 521 2736 Non
544 2681 633 2750 potes
661 2675 805 2736 mundum
826 2677 935 2738 melius
956 2677 1139 2748 subsannare,

243 2779 300 2842 nisi
323 2787 353 2842 ut
375 2778 493 2850 ridens,
519 2795 588 2842 oum
609 2780 657 2841 ille
679 2780 832 2852 irusoitur,
855 2780 976 2844 sithoc
996 2782 1049 2844 tibi
1069 2783 1138 2853 sotis,

244 2882 325 2961 quod
348 2881 447 2944 hebes
467 2885 564 2946 Deum
585 2885 757 2964 propitium.
793 2887 870 2961 Quid
891 2895 939 2952 est
961 2889 1039 2950 euim
1052 2889 1138 2950 mundi

243 2989 357 3050 molitio
379 2988 418 3050 ud
445 2992 703 3068 comparationem
725 2995 893 3058 dulcedinis
919 2995 1061 3058 divinoe?
1093 2994 1139 3056 lie·

243 3110 304 3174 quo
324 3093 375 3155 hio
391 3095 501 3158 suadet
519 3097 612 3160 vitum
630 3097 849 3176 voluptuarium
871 3109 901 3162 et
915 3103 1020 3163 luxum
1042 3118 1139 3172 eorum,

243 3202 295 3280 qui
317 3217 377 3262 nou
399 3202 531 3264 sentiunt
559 3204 649 3266 istam
680 3205 851 3269 vanitatem
872 3205 950 3286 (hoo
971 3206 1050 3270 euim
1069 3215 1140 3270 esset

244 3305 374 3382 udji‘oere
396 3307 495 3368 oleum
518 3309 608 3390 igni),
630 3311 685 3394 sod
708 3311 747 3372 de
769 3312 827 3388 piis
847 3313 988 3390 loquitur,
1012 3313 1064 3392 qui
1084 3329 1141 3374 sen-

153 3408 155 3416 '
243 3412 319 3472 liunt
347 3412 524 3474 vexationes
546 3423 587 3474 et·
605 3416 760 3488 molestius
791 3417 901 3486 mundi.¹
954 3399 1083 3482 Istorum
1102 3419 1142 3480 do

298 3659 345 3728 Ἰο)
366 3659 478 3714 Vertitur
495 3662 679 3743 Romanorum,
699 3631 866 3732 Graecorum,
878 3665 1048 3721 Jttdueorum.
1066 3665 1144 3724 ‘litu
1190 3685 1193 3722 ‘i

207 3817 211 3822 .
246 3751 470 3808 Condldureotir.
525 3755 556 3823 ρ)
578 3755 715 3825 Unguento
732 3761 857 3828 pretioso.
944 3814 946 3828 ,

316 3845 644 3922 mummolino).
703 3852 845 3924 roureto
892 3840 895 3846 '
938 3871 942 3881 »
