2386 4316
390 254 494 342 Cantici
515 277 701 340 canticorum.
731 277 733 280 ’
888 269 891 276 ⁴
937 271 998 340 341

81 457 191 520 statuit
222 458 343 535 placere
370 458 434 520 Deo
467 457 658 536 patientiam,
691 464 722 518 ot
752 455 894 520 delectari
927 473 1002 520 eum

81 562 235 625 sacrificio
257 565 390 634 contriti,
418 580 478 625 non
500 570 602 625 tamen
623 563 815 641 desperantis
837 561 998 642 cordisl),
1060 621 1066 634 ,

80 677 116 732 ut
137 683 394 748 quamqumcaro
414 667 535 731 offensa
549 667 686 732 nonnihil
698 677 872 744 murmuret,
894 677 996 732 umen

79 775 209 853 spiritus
231 783 334 852 gernot
364 775 404 836 ad
426 776 550 848 Deum,
571 781 601 837 et
634 776 738 854 potius
770 775 801 837 in
833 777 998 838 tentatione
1046 854 1047 864 ἵ

80 887 230 960 perpetuo
253 897 376 944 manere
397 887 428 943 et
449 881 549 960 perire
569 880 688 960 cupiat,
710 897 803 960 quam
825 881 918 974 ulad
941 880 998 944 im·

79 988 226 1065 pietatem
248 1004 267 1048 a
288 988 353 1050 Deo
375 987 508 1050 recedat.
552 987 604 1050 Sic
631 987 771 1066 probatio
799 1003 888 1066 spem
909 985 1001 1066 parit·
1116 1071 1117 1076 ἵ

109 1155 220 1217 Sicut
240 1152 362 1222 Tirza,
383 1161 420 1216 et
439 1152 588 1216 decora
609 1154 717 1220 sicut
736 1152 968 1217 Jerusalem.
1058 1142 1076 1164 “’

162 1304 320 1386 rurali)
340 1308 395 1370 luit
415 1307 509 1370 sedes
528 1325 636 1385 regum
656 1309 763 1381 lsrael,
785 1307 876 1386 quasi
897 1307 994 1368 dicat:

76 1414 149 1474 lllea
170 1403 301 1498 sponsa,
327 1419 365 1484 ,tu
393 1428 428 1475 es
456 1409 547 1492 quasi
568 1413 655 1476 Tirza
676 1415 824 1486 formose,
858 1420 889 1474 ot
914 1399 997 1474 bene

77 1519 194 1581 munita
215 1519 340 1590 civitas,
372 1526 402 1580 et
419 1519 502 1582 sicut
520 1518 854 1598 Hierusalemoptimis
876 1519 995 1596 legibus

75 1627 260 1693 formataet
280 1625 423 1689 instituto.
465 1624 545 1687 Nihil
567 1625 649 1688 alind
669 1633 725 1700 est,
742 1643 836 1706 quem
856 1626 994 1704 descrip-
1088 1649 1120 1692 ,ι

74 1732 118 1794 tio
147 1731 375 1810 pterophoriee,
405 1731 490 1811 quod
511 1731 603 1793 sentit
628 1733 761 1794 ccclesia
782 1749 839 1796 seu
861 1733 993 1812 populus
1018 1734 1022 1742 ’
1103 1760 1106 1776 ›

78 1838 183 1928 omnia
205 1851 270 1901 sua·
284 1853 379 1920 opera
400 1853 519 1902 summe
539 1838 661 1915 placere
683 1838 784 1901 Dea

102 2004 107 2030 '
200 2003 417 2093 'terribilis
442 2009 482 2116 up
502 2008 730 2070 castrorum
751 2002 870 2068 ecies.
917 2073 920 2084 ,

156 2155 388 2236 Ecclesiam)
413 2175 470 2221 seu
484 2157 624 2236 populus
646 2157 702 2220 Dei
731 2175 792 2221 non
824 2159 924 2221 solum
946 2167 994 2222 est
1065 2189 1066 2194 κ

75 2266 155 2328 bena
177 2265 332 2328 institutus
360 2263 441 2326 cultu
462 2263 517 2328 Dei
546 2270 576 2328 et
604 2263 735 2352 politicis
763 2265 901 2343 legibus,
937 2265 993 2325 sed

72 2371 166 2434 etiam
200 2370 340 2432 terribilis
362 2369 484 2432 diabolo
516 2375 547 2431 et
568 2369 755 2433 adversariis
781 2370 857 2434 suis.
898 2371 993 2444 Satan

71 2477 154 2540 enim
167 2477 273 2541 metuit
289 2486 356 2546 nos,
379 2488 448 2538 cum
463 2473 546 2537 videt
568 2489 621 2538 eor
632 2473 692 2538 lnac
711 2470 823 2540 fiducia
837 2476 995 2550 munitum

71 2567 159 2662 quod
180 2582 341 2653 credimus,
363 2597 421 2643 nos
438 2581 559 2659 placere
573 2579 647 2646 ileo.
675 2581 814 2644 Metuunt
834 2590 864 2644 el
882 2583 991 2646 adver-

71 2690 155 2762 sarii,
177 2688 246 2752 ideo
269 2689 349 2750 enim
372 2685 514 2748 occidunt
534 2687 618 2764 pios,
635 2687 717 2766 quia
738 2671 890 2776 metuunt,
912 2689 992 2751 sicut

71 2794 194 2858 Pharao
216 2793 321 2858 Exod.
345 2782 385 2866 i,
421 2792 581 2871 Sapienter
621 2775 846 2872 opprimamus,
885 2796 990 2878 iuquit,

71 2919 137 2976 eos,
159 2915 198 2964 ne
221 2901 298 2964 lorte
319 2893 554 2978 multiplicentur
574 2905 631 2960 etc.
1065 2883 1067 2886 ’

259 3067 405 3128 Averte
426 3065 564 3127 oculos
585 3070 678 3127 tuos
699 3081 719 3126 a
741 3081 804 3144 mc.

155 3219 275 3297 Duplex
287 3217 444 3291 sententia-r
454 3215 563 3296 prima
576 3217 782 3283 dehortatoria
791 3229 854 3285 est:
876 3225 988 3287 Averte

68 3327 180 3390 oeulos
200 3334 272 3388 tuos
294 3341 313 3385 a
335 3341 398 3397 nno,
425 3323 455 3384 id
478 3331 542 3396 est,
576 3341 616 3388 ne
637 3327 807 3404 speculeris
834 3328 873 3390 de
894 3317 988 3407 maje-

69 3438 168 3504 state,
203 3429 316 3510 alioqui
345 3417 482 3492 obrueris
512 3428 552 3491 eh
578 3446 625 3492 ea
672 3431 758 3494 llunc
789 3449 850 3498 non
878 3438 998 3514 probo·

70 3537 213 3599 videmus
242 3536 322 3599 eninr
350 3550 423 3600 osse
448 3549 600 3614 sponsum
621 3536 651 3599 in
673 3546 851 3617 argumento
874 3559 987 3608 conso-

74 3675 284 3690 m

116 3759 171 3826 '')
198 3754 363 3816 Sacrificium
393 3749 496 3812 cucuili
524 3755 646 3815 confflem
711 3761 759 3829 “)
777 3761 855 3816 'lim
884 3763 983 3837 IRegss

67 3853 101 3924 lt
120 3862 149 3907 et
168 3852 208 3908 to.
283 3851 350 3924 m)
372 3852 494 3908 Ecclesia
515 3854 640 3913 terribilis
657 3855 734 3911 litun.
755 3863 805 3912 elo·
927 3871 932 3880 '
