2406 4322
105 241 107 249 ’
223 243 295 318 teo
579 219 818 328 cumrerum
858 267 868 284 ’Ν
973 293 976 300 -

116 469 122 480 x
230 426 378 496 beorum:
430 426 734 500 Nunofoonourritur
769 429 809 494 nd
838 429 1135 511 sacramentonum),

230 533 284 600 ubi
313 549 398 597 vero
417 533 461 598 itti
495 535 747 610 inveteraverat,
787 536 889 607 stetim
916 537 975 600 ibis
1006 535 1135 603 notitiis

112 713 115 724 Ι
230 639 292 705 etin
319 640 449 731 cupient.
502 641 654 706 Breviter:
684 643 817 708 mundun
846 660 907 708 uon
933 649 1038 722 potest
1061 643 1135 714 terre,

230 746 300 810 sive
327 747 407 810 bene
434 745 503 814 sive
531 747 610 812 mete
637 748 830 826 gubernetur.
880 749 974 824 Quem
1003 749 1134 813 Dominus

233 869 293 916 non
307 851 422 929 juverit
442 853 472 916 in
486 854 715 932 gubernatione,
736 856 764 920 is
785 872 846 922 non
863 861 972 935 posset
992 854 1042 918 vel
1057 871 1135 918 uuum

230 957 313 1020 diem
335 957 529 1043 viveresine
551 960 699 1038 periculo.

229 1113 233 1126 .
279 1101 283 1112 ·
314 1063 416 1140 Quare
441 1064 494 1144 qui
521 1066 586 1128 vuit
608 1067 726 1132 servire
754 1066 882 1139 mundo,
911 1065 1077 1144 sapientie,
1096 1063 1135 1141 ju·

230 1168 323 1244 stitia,
344 1171 412 1234 sivo
432 1159 523 1234 bonis
538 1171 784 1252 quibuscunque,
805 1172 880 1244 nihii
901 1156 1069 1252 exspectet
1088 1171 1136 1232 uisi

231 1282 368 1340 extreme
395 1277 507 1340 omniu.
560 1276 613 1340 Sic
645 1279 738 1345 etiem
763 1277 911 1358 barido)
946 1285 977 1342 et
1004 1274 1136 1340 Salomon

138 1406 140 1414 ·
230 1382 337 1460 optimi
367 1380 459 1461 reges
486 1385 630 1451 emebant
656 1384 772 1457 bonne,
800 1385 929 1447 oderant
951 1383 1064 1456 mulos,
1090 1383 1136 1446 sed

181 1469 211 1568 “,
232 1487 367 1568 populus
395 1505 458 1556 nou
478 1490 667 1568 agnoscebat
687 1505 837 1567 umorem,
861 1491 1057 1554 immemores
1083 1505 1137 1550 ou-

232 1594 317 1660 nium
338 1594 555 1659 beneficiorum
580 1601 611 1658 ot
630 1595 1138 1673 bonorum.·1deo.reete,soriosit

114 1753 117 1761 .
230 1697 460 1784 unianimo),
493 1701 640 1766 muudum
671 1702 702 1766 iu
736 1701 868 1780 maligno
901 1718 975 1766 esse
1007 1700 1137 1780 positum

222 1808 307 1888 'quia
327 1806 387 1871 nisi
407 1807 586 1887 inquietudo
607 1815 638 1872 et
659 1824 781 1876 summe
801 1806 913 1870 mulitia
933 1808 978 1870 ibi
999 1815 1056 1872 est.
1092 1805 1137 1870 Cui

203 1898 206 1904 ’
233 1931 308 1994 ergo
321 1984 324 1992 f
337 1916 458 1995 pteoeet
481 1913 560 1978 beee
588 1915 666 1990 vite,
693 1914 761 1988 ubi,
787 1914 934 1994 quamdiu
963 1914 1088 1987 vivitur,
1112 1913 1138 1974 in

231 2023 362 2086 nummis
389 2021 534 2102 perieulis
562 2027 593 2084 et
619 2021 754 2084 maxime
783 2020 992 2102 inquietudine
1016 2013 1137 2084 vinitori

122 2187 125 2196 ⁴
231 2157 432 2266 Aequalio
470 2186 654 2267 utrisque
688 2163 864 2250 ¹eventus
901 2195 980 2264 est3
1019 2186 1138 2248 evenit

222 2294 332 2382 enim
357 2291 465 2380 justo
496 2309 571 2356 non
599 2294 715 2355 aliter
742 2300 858 2372 atque
885 2292 1020 2372 impio,
1049 2293 1138 2355 bono

232 2407 269 2464 et
307 2401 446 2463 mundo
481 2401 521 2462 ut
556 2399 768 2470 immundo,
812 2398 1072 2468 saoritionnti
1106 2404 1140 2459 ut

229 2491 601 2590 noulsaeriiieanti.
658 2503 768 2588 Sient
804 2505 940 2569 evenit
978 2502 1138 2584 perJurn

148 2678 156 2698 ‚
227 2611 284 2674 itu
303 2612 438 2676 evenit
464 2611 622 2675 timenti
650 2617 791 2673 votum.
832 2611 915 2675 Hoc
935 2619 997 2674 est
1017 2609 1139 2690 pessi·

229 2733 326 2781 muur
358 2717 459 2782 inter
491 2718 630 2790 omniu,
666 2733 769 2798 quae
802 2716 905 2781 iiunt
941 2717 1015 2780 sub
1048 2715 1139 2812 sote,

230 2823 334 2906 quod
361 2824 542 2904 utrisque
569 2821 706 2888 eedem
738 2823 937 2912 eveniunt.¹
979 2821 1085 2886 Unde
1110 2833 1140 2883 et

178 2977 182 2986 .
228 2931 415 3013 impletur
455 2945 523 2993 cor
559 2927 756 2992 bominum
789 2931 905 3004 meio,
947 2934 984 2991 et
1020 2933 1141 2990 munet

229 3036 407 3104 stultitia
441 3036 477 3098 in
507 3033 697 3099 cordibus
726 3051 871 3124 eorum,
904 3050 1139 3116 peromnem

374 3142 512 3216 vitum,
534 3140 609 3220 quo
630 3148 755 3222 usque
775 3139 1003 3226 morientur.

179 3277 184 3287 ⁴
237 3348 243 3356 „
314 3299 433 3367 Rtusus
455 3296 763 3375 eopiasuomonion
784 3291 994 3378 quesi'diont:
1015 3294 1139 3360 Mundus

124 3465 127 3474 .
218 3407 280 3474 'eet
302 3404 424 3469 omnino
446 3401 602 3483 inquietus
623 3409 654 3465 et
673 3403 826 3482 ingratus,
849 3411 912 3466 tum
933 3419 995 3466 non
1016 3409 1066 3466 est
1085 3418 1141 3464 me

230 3514 328 3581 moria
348 3512 517 3584 botrorum,
542 3524 635 3588 quem
655 3511 813 3572 matorum.
855 3509 923 3572 Hoe
943 3525 1018 3588 ergo
1039 3509 1140 3572 iterum

228 3616 457 3702 intebigendum
469 3615 573 3704 quoad
591 3599 819 3692 muudumrron
837 3615 942 3698 quood
954 3615 1140 3696 Deumjusti
1195 3647 1196 3664 κ

234 3764 440 3786 m

302 3807 334 3914 ι’)
352 3843 566 3906 eremum.
619 3844 651 3915 n
670 3811 785 3905 nrum
819 3843 853 3916 or
871 3843 1009 3906 tumn
1049 3848 1053 3856 ’

849 4057 856 4097 i
