2484 4320
383 259 569 320 Ecclesiastae
587 255 760 318 Salomonis.
983 245 1026 316 tte
1095 305 1098 310 .

53 471 58 478 ·
195 433 342 516 Loquitur
362 445 461 523 nuterp
487 440 526 501 de
547 439 685 524 regibus,
714 436 785 514 qula
806 435 836 496 nr
857 433 1032 498 illustribus»

62 589 76 614 .
112 545 254 624 personis
276 544 402 608 illustria
424 553 495 607 sunt
514 547 607 619 lecta,
627 523 691 607 hoc
711 550 766 615 est,
789 539 929 603 omnibus
951 557 1025 604 con·

111 652 231 730 spicue.
284 651 475 724 Privatorunr
511 668 584 714 vero
618 651 698 710 laeta
715 721 717 728 Α
732 651 798 708 lere.
826 647 1057 726 negliguntur,‘

111 765 165 819 aut
187 763 267 818 certe
290 757 389 819 rninus
412 759 626 829 observantur,
648 754 704 817 sed
722 753 811 831 juxta
831 755 1051 832 proverbium.

110 863 335 939 germanicum:
377 859 439 929 din
472 860 569 944 meiltt
597 857 800 940 ἷθῖιιιιιιιιιιι
831 859 908 926 felte
940 859 1028 927 deine

111 965 262 1048 ἳῐιιτιιιίι.
317 968 470 1045 Plebejus'
489 970 599 1047 aliquis
627 967 656 1028 si
683 975 803 1045 peccet,
837 967 884 1028 vel
913 965 1028 1044 aliquid
1144 1052 1146 1064 Ι

59 1153 62 1160 ¹
109 1077 323 1148 stullrilaciat,
355 1091 413 1136 nnn
437 1067 812 1136 admodum'observntur.
854 1072 976 1150 Alioqui
998 1062 1029 1135 el

108 1181 300 1258 privatorum
328 1179 484 1244 hominum
513 1179 644 1248 conditio
673 1177 711 1239 ad
746 1177 874 1238 eundem
903 1177 1029 1241 nodum

111 1304 150 1348 se
173 1287 280 1366 habet,
303 1293 336 1348 ul
356 1303 482 1362 regnum
494 1281 541 1365 k).
583 1284 650 1349 Non
671 1284 774 1361 itaque
794 1283 918 1345 damnat
941 1283 1030 1348 Salo·

107 1410 182 1456 rnen
212 1392 346 1456 studium
376 1390 526 1454 educandi
547 1391 644 1468 regis,
671 1389 785 1452 ditandi
807 1377 872 1462 lllll,
901 1397 953 1453 errt
970 1407 1028 1490 ¹pe-

107 1498 231 1574 gendae
261 1491 388 1571 domus,
406 1498 471 1574 ,sed
495 1503 605 1560 ¹nostra
632 1495 774 1573 consilia,
800 1495 919 1574 quibus
948 1495 1027 1560 haee

106 1619 219 1682 regere
240 1605 392 1666 volumus.
435 1603 522 1682 Opus
543 1602 706 1682 praecipit,
732 1601 788 1664 sed
810 1617 913 1674 curem
935 1609 1024 1666 vetat

106 1710 158 1772 Tu
178 1711 327 1772 instanter
353 1709 473 1783 labora,
501 1707 558 1772 sed
585 1709 738 1772 committe
760 1709 822 1770 Deo
844 1716 1025 1788 proventum

106 1823 140 1878 et
155 1815 318 1880 ellectum.
362 1815 533 1895 Memineris
562 1814 693 1892 exempli
714 1814 753 1876 de
775 1831 848 1892 rege
868 1816 1027 1894 diligenter

106 1921 256 1995 educato,
284 1929 314 1983 et
340 1927 441 1984 tamen
463 1927 595 1994 mutato,
623 1928 657 1982 ut
684 1920 766 1982 scias
794 1937 844 1984 res
871 1939 932 1985 non
960 1925 1025 1999 geri

106 2027 224 2090 nostris
260 2027 395 2090 consiliis
427 2037 457 2090 et
483 2027 660 2100 conatibus,
694 2025 750 2088 sed
780 2029 932 2090 voluntate
960 2030 1024 2106 Del,

106 2135 163 2210 qui
185 2134 315 2211 singulis
337 2134 429 2198 rebus
451 2151 540 2196 suum
557 2133 834 2211 definivil‘lempus
856 2134 1046 2210 ethoram,

105 2249 197 2302 extre
224 2257 317 2317 quarn
345 2238 418 2302 nihil
446 2239 584 2304 succedit
612 2256 752 2318 usquam.
795 2240 900 2318 ltaque
928 2243 955 2303 si
976 2259 1026 2304 re·

106 2345 242 2423 spondet
269 2345 455 2416 educationi,
492 2346 608 2422 gratiae
637 2345 789 2422 agendae,
824 2363 884 2409 non
919 2355 1024 2411 nostro

3 2507 5 2512 ,
105 2449 212 2513 studio
235 2457 288 2512 aut
310 2465 408 2520 curae,
429 2451 485 2512 sed
508 2452 696 2513 benedicenti
717 2451 790 2513 Deo.
830 2453 862 2514 Si
883 2461 1027 2516 crescunt

105 2563 242 2632 segetes,
263 2556 335 2617 ilem
356 2553 417 2620 hoc
438 2573 498 2619 non
520 2557 619 2629 nobis,
641 2556 697 2618 sed
711 2555 775 2619 Deo
797 2556 932 2620 debetur.
967 2559 1024 2636 Qui

107 2661 189 2724 enim
211 2668 320 2739 pessel
347 2660 440 2724 home
467 2661 630 2725 defendere
651 2669 788 2739 segetes,
817 2663 865 2730 vel
886 2663 925 2724 cb
947 2663 1025 2726 alili·
1102 2684 1105 2690 '
1155 2671 1178 2764 ',

106 2768 178 2840 bus,
200 2767 251 2830 vel
273 2783 292 2828 a
313 2767 393 2840 teris,
414 2769 515 2830 erucis
536 2776 567 2830 et
588 2769 677 2846 lupis,
697 2769 758 2830 ime
780 2767 819 2830 cb
841 2768 1026 2851 invididSa·

106 2879 207 2936 tanae.
243 2871 330 2949 drgo
351 2887 411 2935 non
434 2874 532 2936 estin
553 2873 814 2947 nostrissludiis,
841 2875 898 2936 sed
917 2876 949 2937 in
970 2875 1026 2939 be·
1114 2910 1119 2930 ι

107 2977 284 3040 nevolcntia
305 2986 335 3040 et
356 2979 567 3042 benedictione
583 2979 647 3053 Dei,
664 2979 702 3042 'ut
722 2980 838 3042 scilieet
859 2986 974 3044 tanturn
995 2983 1024 3048 ei
1128 3041 1134 3050 .

108 3083 225 3161 grantlrs
254 3100 397 3160 agamus,
429 3085 481 3164 qni
514 3094 659 3164 operetur
692 3086 794 3148 omnia
823 3085 852 3148 itr
882 3089 1024 3152 omnibus
1087 3151 1093 3156 .

108 3190 269 3268 prebella
292 3188 536 3254 sdaveluntate.
577 3191 693 3254 Eadem
720 3193 796 3256 ratio
819 3199 866 3254 est
894 3193 924 3254 in
947 3193 1024 3258 edu·
1105 3175 1136 3286 ‘¹
1212 3259 1221 3274 ,

107 3294 215 3360 candis
237 3295 318 3357 liliis.
361 3295 394 3357 Si
414 3295 514 3358 habes
534 3295 649 3360 bonurn
668 3296 769 3368 fllium,
792 3298 856 3360 dic:
876 3298 1024 3364 Dominus

108 3401 207 3473 dedit,
237 3408 268 3462 et
288 3401 374 3477 lecit;
408 3401 455 3463 sin
477 3401 592 3478 minus,
620 3403 684 3466 dic:
712 3403 791 3466 haec
819 3405 1024 3494 cslflcnrrlitic

107 3505 262 3587 humanae
283 3507 374 3568 vitae.
416 3504 481 3584 Ego
502 3507 654 3582 laboravi,
676 3509 818 3574 dominus
840 3517 939 3578 eutem
961 3528 1022 3578 lton

109 3615 220 3688 voluit,
243 3612 283 3676 sit
305 3628 414 3676 naman
436 3611 503 3690 ejus
523 3603 724 3680 benedictum.
764 3691 771 3710 l

116 3763 328 3780 ‘nn-*a-

177 3847 214 3921 k)
234 3850 337 3924 Regum
356 3858 385 3907 et
403 3851 565 3932 privatorum
583 3851 718 3910 hominurn
736 3855 830 3915 eaden
847 3857 974 3919 eondlllc.
994 3817 999 3832 ι
