2308 4316
211 225 254 297 56
535 233 626 312 eaput
645 233 805 295 seeundum

294 413 454 492 augustus
463 411 510 494 v¹1¹)
535 413 656 476 dicebat
682 415 852 493 reiecisse
874 431 912 478 ea
933 418 1103 486 fundamenta

213 518 412 600 reipublicae,
432 528 465 584 ut
486 499 623 599 speraret
644 538 767 601 semper
788 530 936 586 staturam
958 539 1040 596 esse,
1061 532 1104 593 sad

213 629 330 708 posteri
357 627 471 690 statim·
489 626 592 690 omnia
619 610 802 693 auerterunt.
843 629 972 692 Neronis
997 641 1102 697 morien

213 736 347 814 populus
363 735 519 796 Romanus
537 733 665 812 optabat
675 732 722 814 11),
736 735 891 798 meliorem
907 737 1103 815 rempublicam

214 842 344 904 laturam
366 832 523 929 cogitaris„
551 838 607 902 sed
637 821 746 920 postea
772 837 866 903 nihilo
888 844 998 906 metius
1018 843 1105 909 habuit

213 947 396 1026 respublica.
418 935 583 1012 “Salomon
595 941 628 1026 ⁰)
653 948 695 1006 ita
716 931 905 1024 gubernabat
925 963 1059 1026 regnum,
1082 961 1106 1014 ut

215 1060 391 1132 speraretur
410 1060 592 1131 perpetuum
613 1053 692 1125 lore,
720 1059 751 1114 et
771 1053 874 1114 statim
895 1071 914 1114 a
942 1063 1036 1116 morte
1054 1057 1105 1133 ejus

214 1157 367 1222 dividitur.
401 1158 481 1222 'Nam
492 1155 687 1236 RoboamP),
702 1157 755 1235 qui
767 1157 922 1221 Salomoni
934 1161 1106 1234 suooedebat

160 1303 164 1311 ·
213 1255 456 1328 non'oontontus
485 1262 625 1341 prudenti
654 1263 840 1341 reipublicae
870 1265 1106 1329 administratione

213 1370 324 1450 patria,
351 1368 482 1448 perdidit
508 1369 625 1442 omnia,
656 1376 686 1430 at
707 1385 835 1446 regnum
866 1378 915 1432 est
942 1371 1068 1434 seierum
1085 1375 1105 1433 ir

107 1457 112 1468 ’
211 1478 293 1540 duas
314 1484 429 1554 partes.

161 1647 163 1651 ,
294 1585 397 1660 Atque
417 1579 497 1642 haee
515 1580 576 1642 nou
591 1587 708 1641 tantum
723 1577 799 1643 flunt
818 1579 848 1643 in
866 1581 999 1644 externis
1019 1590 1046 1644 et
1064 1601 1106 1662 po·

211 1689 316 1760 liiidie,
339 1688 392 1750 ubi
412 1693 461 1748 est
480 1685 668 1749 tolerabilior
688 1686 756 1755 ista'
769 1686 911 1760 stultitia,
935 1688 1007 1765 quia
1027 1691 1106 1751 solun

209 1808 312 1857 remam
334 1792 537 1872 corpor-allum
555 1790 703 1868 Jaeturam
726 1793 814 1863 lauit,
840 1793 1007 1856 sedetiam
1028 1795 1054 1855 in
1069 1785 1108 1856 re-

144 1956 147 1973 ,
213 1899 326 1978 ligione
347 1905 378 1960 et
392 1898 502 1961 ¹verbo
524 1897 593 1972 liei,
623 1898 677 1960 ubi
705 1913 829 1974 semper
853 1899 970 1977 posteri
990 1903 1107 1978 neglecta

213 2006 345 2084 puritate
372 2003 528 2068 doetrinae
560 2018 585 2064 a
606 2003 744 2080 patribus
770 2003 899 2083 traditae
925 2021 1006 2068 nova
1030 2023 1106 2084 quae-

212 2119 295 2184 runt,
322 2111 403 2174 siout
431 2109 522 2197 etiam
549 2108 679 2182 loeium,
708 2109 760 2187 qui
789 2125 869 2174 nune
888 2111 1013 2188 vulgato
1032 2129 1107 2174 eran-

214 2218 302 2296 gatto,
323 2233 383 2280 non
405 2213 539 2279 eontenti
559 2213 691 2292 puritate
711 2213 790 2278 fidei·
804 2231 862 2278 seu
877 2217 1014 2280 doctrina
1026 2235 1107 2280 evan-

207 2317 291 2400 aaut
312 2337 411 2386 novas
432 2321 591 2383 instituunt
612 2319 835 2400 disputationes
857 2323 898 2385 de
917 2326 1106 2396 sacramentis,

211 2439 303 2509 quaer
326 2445 395 2490 eum
422 2425 651 2500 inveteraverit,
687 2441 788 2489 novae
821 2436 926 2492 saetae
956 2429 1106 2496 exorimitur

210 2536 278 2598 sine
305 2534 374 2597 fines
415 2531 523 2612 lisque
551 2533 632 2595 eninr
661 2539 764 2610 potest
789 2549 868 2610 earo·
889 2543 1028 2598 contenta
1050 2551 1106 2598 essa

208 2653 272 2704 nna
293 2639 424 2719 simplici
439 2635 571 2702 'atvero
592 2639 728 2702 doctrina
742 2635 790 2723 (1).
890 2662 908 2674 ··

226 2774 241 2794 -·
260 2787 263 2796 ψ
293 2745 428 2824 intellige
444 2759 524 2808 -vero
544 2745 741 2808 Salomonem
764 2751 829 2810 ⁴no'n
845 2747 897 2809 'de
916 2743 1055 2825 personis
1072 2750 1106 2809 lo·

209 2852 276 2931 qui,
295 2852 358 2914 aed
371 2851 410 2916 de
430 2851 477 2924 iia,
498 2847 734 2929 quaeihomines
751 2858 855 2930 agunt,
877 2853 946 2916 siv'e
962 2854 1106 2932 sapientes,

206 2957 280 3024 aine
299 2957 393 3030 stulti,
414 2953 499 3036 quod
518 2953 571 3018 iila
591 2955 789 3034 negligentum
831 2958 926 3021 Durat
952 2959 1105 3038 quidemn

209 3066 294 3128 libris
322 3063 478 3128 hominurn
508 3063 669 3134 memoria,
701 3061 853 3129 sedulum
868 3065 1105 3128 inordinatione

208 3165 412 3249 reipublicae,
432 3177 465 3232 et
479 3167 655 3232 relemntur
675 3167 797 3247 quidem
820 3171 870 3235 ris
891 3180 999 3248 metae
1018 3174 1044 3233 in
1064 3189 1104 3230 an-

150 3349 152 3354 y
209 3275 383 3349 nalos‚›sed
405 3288 496 3339 nemu
518 3277 664 3344 observat
685 3282 738 3336 aut
759 3283 852 3349 anat,
871 3278 1039 3366 :oa-postor·
1058 3293 1102 3338 noo

211 3377 449 3446 commoventui'
469 3381 618 3460 exemplis
651 3381 859 3459 superiorum,
879 3397 983 3445 :nova
999 3397 1103 3460 semper

209 3488 380 3552 moliuntur.
422 3489 509 3564 Quod
531 3488 628 3559 adest,
649 3486 926 3568 fastiditur;''quod
947 3507 1006 3554 non
1026 3491 1103 3560 adest

281 3733 324 3800 ria)
343 3733 525 3802 Augustoma-
539 3732 703 3803 nldlmorir
719 3711 790 3789 mora
808 3743 904 3822 optata.
960 3739 989 3805 o)
1007 3737 1101 3792 Salano.

212 3829 247 3898 p)
265 3825 383 3882 Robom
404 3825 517 3894 (tutu).
570 3828 599 3897 q)
618 3825 763 3884 euriositas
780 3831 866 3886 urnis
885 3829 992 3899 (1530).
