2448 4324
183 287 185 296 ’
242 263 305 344 2ae
556 281 646 362 Gaput
665 267 846 348 undecimum

243 461 281 524 ad
305 459 460 524 meridiem
483 461 551 524 sive
572 463 755 539 aquilonem,
772 433 818 534 fibi
840 460 989 536 manebit.
1018 458 1066 520 Sic
1084 465 1139 520 utut
1193 447 1195 454 ⁴

243 585 326 630 mors
356 577 385 629 te
413 570 615 646 oppresserit,
641 583 833 646 xquocunque
861 567 947 638 loco,
979 565 1141 634 conditiore,

240 675 283 736 ita
310 675 459 736 manebis.
510 673 542 736 Si
571 674 718 736 invenerit
740 672 941 734 teDomious
969 673 997 734 in
1024 671 1140 742 meridie,

241 775 271 843 id
293 789 349 854 est,
372 781 512 849 fertilem,
535 787 565 841 et
586 779 615 840 in
636 779 728 841 bonis
749 779 895 856 operibus
917 778 1050 850 divitem,
1068 779 1141 846 hena

241 888 268 948 si
292 888 416 948 veroin
439 886 597 964 aquilone,
621 886 651 951 id
674 893 738 959 cst,
760 901 819 946 uon
843 885 1047 947 abundantem
1067 885 1141 946 bouis

242 993 403 1071 operibus,
428 993 508 1054 maie
528 992 598 1066 tibi,
619 999 685 1056 utut
706 991 878 1063 invenieris,
898 990 945 1053 sic
963 989 1142 1066 judicaberis,

73 1075 79 1088 ’
188 1178 190 1186 J
241 1099 287 1160 sic
306 1099 438 1176 recipies
460 1099 559 1161 etiam.
606 1097 642 1164 '.

240 1264 310 1340 Qui
329 1264 525 1327 observat
546 1269 703 1337 ventos,
725 1280 798 1326 non
820 1263 918 1329 iacit
935 1229 1143 1334 sementem,

164 1413 166 1426 .
206 1385 210 1392 ·
240 1371 365 1448 etqui
387 1371 623 1434 considerat
645 1370 786 1442 nubes,
813 1386 1010 1448 nunquam
1033 1377 1141 1439 metet

321 1493 452 1588 Pertinet
479 1531 509 1585 et
535 1523 597 1587 hoc
625 1524 663 1586 ad
692 1524 943 1588 exhortationem.
986 1526 1050 1589 Nos
1076 1527 1142 1587 hanc

239 1629 420 1692 sententiam
454 1627 633 1692 Germanice
666 1631 712 1694 sic
739 1631 885 1694 dicimus:
926 1627 1001 1698 iliter
1033 1632 1081 1715 ιιι)
1104 1631 1142 1714 itt

157 1807 160 1814 ,
239 1734 294 1802 orn
315 1715 448 1819 Quidam
468 1733 579 1818 madri!
599 1733 649 1802 im
670 1735 765 1818 iompt
784 1738 907 1804 aimmrt
926 1738 959 1803 in
981 1737 1038 1805 iro
1057 1737 1141 1805 dicit

239 1841 375 1921 Apparet
395 1841 436 1906 iiii
457 1843 510 1923 qui
532 1843 593 1917 dat,
615 1844 803 1922 quod·domi
820 1844 893 1906 nihii
916 1844 957 1907 sit
976 1852 1140 1915 retenturus,
1194 1890 1195 1919 r

73 1989 77 2004 1
152 1966 177 1976 ·’
239 1950 295 2012 sed
318 1950 419 2052 omnia
445 1950 630 2028 perditurus.
671 1950 757 2012 Haec
778 1957 826 2013 est
847 1962 959 2024 causa,
982 1952 1067 2031 quod
1085 1967 1141 2029 gra·
1194 1923 1195 1966 ³

240 2055 332 2139 vatim
353 2056 507 2133 largimur.
549 2058 708 2134 nitergo,
737 2057 764 2118 si
786 2057 834 2118 vis
855 2057 962 2119 timere
990 2051 1140 2135 penuriam,

238 2161 491 2238 ingratitudinem,
506 2179 664 2242 nunquam
678 2162 870 2239 benefacies;
892 2164 945 2241 qui
959 2171 1078 2242 spectat
1092 2180 1139 2224 uon
1193 2225 1194 2242 p

238 2267 367 2358 verbum
386 2269 597 2345 promittentis,
619 2269 676 2332 sed
698 2269 799 2347 ipsam
817 2269 1028 2358 substantiamx
1044 2272 1140 2340 datam,
1193 2261 1194 2272 ³

237 2391 297 2454 uon
321 2375 416 2438 credit
437 2391 473 2436 sc
495 2375 643 2452 deinceps
665 2375 807 2438 alendum
830 2383 882 2440 aut
903 2385 952 2439 sat
972 2376 1138 2441 habiturum.

237 2482 463 2558 Quareespeota
484 2481 612 2544 verbum
632 2481 697 2554 Dei,
717 2489 748 2548 et
769 2484 932 2559 promissa,
954 2500 1014 2546 non
1036 2485 1065 2545 in
1085 2484 1140 2546 soto
1192 2549 1193 2560 χ

152 2632 155 2640 .
229 2603 317 2665 pane
331 2587 406 2650 vivit
422 2587 524 2652 homo.
555 2589 588 2649 Si
602 2587 704 2664 nujus,
720 2589 853 2667 inquam,
870 2591 997 2655 verbum
1013 2589 1139 2660 audiena
1192 2579 1193 2586 ’

234 2693 395 2756 benedicet
416 2694 470 2776 tibi
490 2695 520 2756 in
542 2705 631 2772 agro;
659 2695 742 2757 domi
763 2703 819 2760 etc.

317 2799 384 2863 Non
405 2801 491 2862 iacit.
510 2817 585 2878 ergo
614 2811 795 2875 sementem,
831 2804 886 2881 qui
913 2811 1024 2882 ventos
1051 2801 1137 2866 consi·
1191 2865 1192 2878 ¹

235 2906 336 2980 derat,
369 2922 426 2970 nee
453 2906 538 2968 metit
565 2907 618 2985 qui
640 2908 775 2985 pluviam
797 2909 953 2972 observat.
995 2911 1028 2972 In
1049 2922 1136 2972 nusae
1191 2889 1192 2974 ι

229 3012 315 3090 ¹enim
336 3029 398 3074 non
419 3020 467 3076 est
489 3011 593 3090 pluvia
614 3015 710 3087 bona,
733 3023 931 3093 exspectatur
954 3023 1055 3080 autem
1075 3028 1136 3076 aura

111 3192 113 3207 Ι
234 3131 352 3194 serena,
373 3135 431 3182 nec
453 3127 542 3182 antea
564 3120 697 3193 metitur,
725 3139 817 3199 quam
840 3123 899 3184 ista
920 3123 1043 3185 venerit
1082 3119 1133 3194 ligo

235 3225 363 3288 libenter
385 3225 514 3306 (aiunt)
528 3226 648 3300 darem,
669 3227 697 3288 si
718 3228 854 3290 viderem
876 3229 949 3291 mihi
971 3224 1042 3291 nihii
1063 3226 1132 3287 deiu—
1190 3303 1191 3308 ἵ

235 3339 342 3394 turum.
375 3331 422 3394 Ex
442 3348 480 3394 co
501 3339 618 3394 tantum
638 3333 686 3393 vis
703 3333 786 3405 dare,
806 3351 868 3413 quo
890 3342 921 3398 tu
942 3353 1001 3398 non
1023 3333 1129 3407 indiges,
1190 3335 1191 3363 ι

233 3439 290 3502 sed
313 3439 397 3501 scias
417 3454 585 3517 pauperem
608 3437 721 3501 debere
741 3435 841 3503 tecum
863 3441 970 3515 edere,
995 3448 1026 3504 ut
1046 3437 1129 3524 potius

233 3543 288 3608 tibi
311 3545 424 3624 aliquid
446 3545 570 3619 demas,
598 3561 637 3606 ne
663 3545 713 3608 iiie
735 3554 832 3624 egeat.
876 3549 992 3611 Vemm
1015 3545 1064 3625 qui
1081 3553 1127 3602 nm

116 3637 125 3716 ,ἴ
234 3652 478 3725 cautroomrno,
500 3650 575 3713 nun
592 3650 667 3716 uonr
687 3653 767 3716 naeu
811 3654 870 3731 out
888 3655 999 3718 omum
1014 3651 1127 3718 veroum,
1189 3635 1190 3669 ι

233 3758 342 3821 omittit
362 3759 454 3820 etiarn
476 3773 563 3835 opus.
