2484 4320
421 223 422 231 ἵ
535 255 625 333 capnt
645 255 773 334 quintum

536 513 621 600 dapui
642 517 772 602 quinam.

198 701 375 767 Observa
395 703 529 782 pedem
556 712 661 769 tuum
685 725 771 792 ,eum
794 707 1018 802 ingrederis
1040 708 1113 772 do·

198 827 292 872 mum
330 809 416 883 Dei,
459 819 494 872 et
534 814 828 892 appropinqua,
878 821 916 876 ut
959 815 1114 878 audias.

89 959 93 974 .
196 915 236 978 Id
261 907 405 995 malins
434 924 495 979 est
527 936 639 996 quom
669 920 856 990 victimae
884 921 1111 990 stultorum,

196 1023 438 1100 nequeenim
462 1024 604 1096 sciunt,
633 1033 816 1104 quantum
838 1027 930 1087 mali
951 1027 1112 1088 laniant.

278 1177 1190 1258 mmmmwmm¹

99 1307 104 1328 ·
177 1285 293 1348 locust
334 1272 381 1346 Etr
400 1284 529 1346 lectione
560 1283 652 1362 lmJus
679 1286 771 1347 libelli
799 1286 910 1348 aedidit
936 1288 1115 1361 insensatis,

196 1391 281 1472 quod
308 1390 408 1469 impiis
442 1405 483 1451 ex
510 1369 736 1468 praedieatione
765 1393 930 1468 evangelii3
963 1392 996 1454 hi
1028 1393 1112 1455 enim

135 1545 145 1563 χ
196 1513 267 1560 oum
288 1495 413 1559 audiunt
425 1495 594 1574 praedicari
606 1495 755 1573 Justitiem
773 1496 844 1558 fidei
860 1505 890 1560 et
907 1497 1109 1561 Christianam

194 1603 378 1675 libertatem,
408 1602 513 1679 negari
540 1617 613 1664 vero
632 1603 780 1679 justitiam
801 1619 943 1682 opernm,
971 1621 1043 1666 mox
1062 1605 1111 1666 in-

194 1712 311 1782 ierunt,
338 1707 412 1772 nihil
439 1721 513 1784 ergo
541 1722 716 1786 operemur,
744 1710 804 1771 imo
826 1725 1005 1788 peccemus,
1036 1711 1112 1788 quia

195 1816 274 1880 fides
301 1815 418 1879 sullleit
473 1813 615 1888 Eoontra,
644 1816 672 1877 si
699 1814 913 1893 praedicantur
938 1817 1048 1894 opera,
1075 1821 1111 1878 ut

182 1915 310 1985 'inlotus
336 1921 421 1994 fidei,
449 1921 566 1983 eisdem
594 1937 668 1983 mox
693 1921 940 1998 Justifieetionem
968 1923 1112 2001 tribuunt,

197 2035 228 2097 ei
249 2030 377 2091 salutem
405 2026 476 2089 inde
497 2035 673 2105 quaerunt‘
699 2027 751 2090 Sie
776 2044 900 2107 semper
920 2029 1110 2110 adverbum

172 2153 173 2160 ¹
194 2120 435 2213 persequuntur
453 2135 513 2196 ista
523 2133 594 2208 dno,
608 2136 818 2213 praesumptio
831 2142 860 2197 et
871 2133 1111 2213 desperatiom),

169 2303 172 2317 ,
195 2253 231 2308 ut
250 2241 371 2306 dillloile
393 2241 514 2303 omnino
535 2240 589 2313 sil,
617 2256 739 2302 manere
766 2241 795 2303 in
817 2240 868 2302 vie
888 2241 980 2316 regia.
1024 2241 1110 2302 Idem

107 2391 110 2396 -
196 2324 405 2414 aeeidit'buio
430 2343 542 2408 libello.
586 2345 740 2407 -lnsensati
772 2346 947 2408 enimcum
981 2345 1112 2407 audiunt

122 2479 124 2486 ’
196 2457 277 2520 hene
298 2451 480 2523 doctrinam,
509 2451 593 2528 quod
620 2451 769 2514 debemus
795 2465 868 2512 esse
888 2450 981 2513 eorde
1006 2451 1110 2530 quieto

196 2571 228 2626 et
248 2568 367 2641 pacato,
388 2563 422 2620 ut
443 2557 667 2620 committamus
689 2557 790 2620 omnia
809 2556 883 2629 Deo,
906 2557 952 2619 sio
972 2558 1109 2630 inierunt,

52 2742 56 2755 ,
189 2656 225 2733 ¹si
246 2665 347 2731 omnia
368 2647 490 2726 suntin
510 2679 603 2725 manu
622 2662 694 2736 Dei,
716 2679 790 2740 ergo
810 2661 885 2724 nibil
907 2662 1110 2740 operabimur,

79 2775 82 2784 '
197 2775 277 2838 sieut
309 2770 359 2834 alil
386 2769 416 2833 ln
445 2769 570 2830 alteram
602 2775 719 2847 partem
752 2774 896 2846 peceant,
927 2769 1011 2845 quod
1038 2775 1112 2830 suut

172 2881 287 2942 ‘nimis
309 2875 445 2949 sollicite,
466 2876 605 2964 volentes
620 2874 721 2938 omnia
742 2874 884 2936 omuibus
896 2873 996 2936 modis
1012 2873 1112 2936 metiri

10 3055 26 3064 ,,
140 3013 143 3018 ·
196 2993 228 3049 et
261 2999 377 3061 regere.
444 2979 542 3057 Regio
582 2995 655 3042 vero
672 2979 737 3042 -vla
768 2978 1016 3058 incedendumn)
1050 2987 1109 3053 est,

195 3099 320 3156 anenno
339 3085 516 3153 laboremus
543 3093 574 3148 et
593 3087 742 3150 laniamus
763 3086 849 3165 quod
867 3101 1036 3165 possumus
1058 3101 1113 3148 se-

196 3197 329 3265 cundum
345 3194 473 3256 verbum
487 3192 552 3267 Dei,
573 3193 630 3256 sed
649 3208 729 3272 opus
744 3207 807 3256 non
824 3193 982 3256 metiamur
993 3193 1112 3254 nostris

197 3303 322 3376 studiis,
349 3299 405 3362 sed
426 3299 652 3362 committamus
679 3297 802 3362 divinae
821 3300 999 3386 prudentiae
1019 3314 1113 3362 omne

198 3409 332 3474 studium
353 3414 384 3470 et
405 3405 565 3470 consilium
587 3413 617 3469 et
638 3412 774 3470 eventus.
821 3399 823 3404 ’

194 3565 405 3584 w

201 3725 206 3737 ,
268 3658 293 3726 lt
309 3657 386 3728 Iurpll
404 3663 449 3710 eut
471 3655 549 3712 ulmis
568 3656 600 3709 ad
628 3649 808 3711 dextrom'aut
821 3649 909 3728 &ulmis
928 3651 1111 3709 adrimetum

71 3837 73 3842 Ι
201 3752 343 3808 declinant.
396 3749 438 3822 ro)
457 3743 640 3823 Praesumptio
657 3757 686 3806 et
703 3751 860 3822 desparatlo.
887 3751 947 3836 ‚¹⁰
966 3747 1050 3821 tropis
1066 3751 1113 3804 vis

123 3857 126 3862 '
199 3846 374 3904 incedertlum
391 3855 439 3905 eat
781 3843 783 3850 '
872 3853 876 3868 ¹
