2386 4316
168 303 171 309 .
205 249 269 320 328
541 253 632 332 Caput
651 260 780 330 quartum

118 419 126 426 “
204 437 235 498 n
256 434 371 514 populo
391 439 472 496 suno
493 421 589 496 'uam
602 430 712 496 cuasa
732 431 847 494 uictum
867 447 976 494 verum
999 428 1115 509 estu:
1179 479 1180 498 t

166 577 169 584 =
204 541 258 612 ubi
278 541 340 602 duo
362 540 410 601 vel
430 546 494 602 tres
514 537 709 602 convenerint
734 537 765 598 in
792 537 913 600 nomine
942 554 1033 611 meo,
1052 553 1117 600 ero

205 664 263 724 ego
295 646 327 707 in
356 643 464 708 modio¹
484 660 598 708 eorum.
645 643 718 706 ldeo
750 658 821 704 cunt
849 643 994 721 privatim
1027 644 1115 706 irater

205 753 379 815 consolatur
390 753 520 825 nauem,
541 767 611 813 cum
622 749 786 812 annunciat
806 748 1024 812 remissionem
1046 763 1119 828 pcc·

205 867 356 932 catorum,
384 857 513 920 verbum
533 856 564 918 id
584 862 685 919 ratum
706 863 772 929 cst,
797 862 829 916 et
842 853 917 918 'non
937 855 1024 918 lallit.
1067 854 1118 918 Est

115 1035 119 1040 .
204 965 284 1028 enim
310 963 436 1043 spiritus
465 968 590 1026 sanctus
611 961 723 1024 cllicsx
749 962 968 1040 perverbum,
990 963 1117 1026 ubicun-

161 1071 263 1150 *due
283 1070 315 1133 id
335 1070 442 1132 dextre
462 1082 500 1128 ac
518 1066 638 1130 sincere
658 1073 820 1143 tractatur,
840 1069 908 1131 sive
929 1068 958 1129 in
982 1069 1115 1147 publico,

203 1177 271 1239 sive
292 1175 322 1240 in
343 1175 480 1264 privato.¹

388 1337 515 1420 Ubera
535 1345 600 1400 tua
622 1339 810 1402 suaviora
830 1339 930 1401 vino.

286 1491 391 1560 Omnis
426 1492 547 1570 generis
572 1491 685 1556 solatia
705 1489 780 1554 nihil
801 1499 887 1566 sunt,
918 1494 946 1556 si
977 1497 1115 1558 conteras

202 1617 272 1664 cum
298 1601 336 1662 iis
365 1597 639 1672 consolationibus,
672 1613 752 1676 quas
787 1599 914 1662 verbum
942 1600 1001 1664 Dci
1030 1601 1114 1665 nobis

149 1737 152 1748 =
203 1700 427 1785 proponittt).
471 1691 474 1710 '

202 1869 305 1935 Odor
329 1876 620 1948 unguentorum
649 1875 807 1932 tuorum
835 1885 958 1949 super
988 1875 1114 1937 omnia
1179 1899 1180 1980 ι

565 1983 750 2038 aromata.

282 2130 349 2194 Tua
367 2131 449 2193 lama
466 2128 595 2192 suavius
613 2130 682 2204 olet,
703 2145 798 2208 quam
819 2130 956 2194 omnium
982 2134 1112 2210 gentium
1179 2123 1180 2190 ἶ

112 2251 116 2266 “
199 2241 296 2312 lama,
330 2237 415 2300 venit
442 2235 522 2298 enim
555 2252 595 2298 ex
614 2236 711 2302 verbo
725 2232 816 2318 W).
860 2237 937 2316 Quid
955 2224 1052 2302 enim
1069 2249 1113 2304 cst
1179 2267 1180 2284 ι

199 2346 281 2407 lama
300 2342 394 2406 totius
415 2342 519 2428 mundi
541 2342 683 2416 adeam,
718 2359 811 2421 quam
832 2351 865 2406 tu
891 2343 1008 2433 habes,
1035 2365 1111 2426 quae
1179 2371 1180 2398 ;

200 2465 262 2513 non
289 2448 383 2512 rebus
408 2449 524 2522 solum,
559 2455 592 2510 nt
615 2447 868 2526 jurisconsultus,
902 2467 964 2513 non
995 2455 1111 2532 corpori

96 2545 123 2570 ”
199 2557 308 2627 solum,
329 2561 363 2617 ut
378 2551 532 2627 medicus,
554 2553 610 2616 sed
632 2555 732 2617 animo
754 2554 895 2628 mederis,
917 2575 1002 2636 quae
1023 2560 1110 2637 erigis
1179 2573 1180 2630 ;

198 2668 229 2724 ct
250 2659 419 2723 consolatis
440 2659 642 2724 conscientias
661 2668 815 2738 unguento
828 2664 937 2741 sponsi
958 2665 1013 2726 tui.
1048 2666 1110 2728 lloc

128 2843 132 2848 Ι
198 2771 383 2843 unguentum
421 2765 507 2832 verbi
533 2744 688 2829 nodetur
707 2767 828 2846 corpori
864 2774 895 2831 ot
922 2771 1040 2845 animo,
1075 2789 1109 2834 ac

122 2905 164 2928 ,ι
198 2880 361 2954 utrumque
380 2876 500 2935 recreat
519 2877 551 2932 et
571 2881 742 2936 conservat.
810 2917 812 2922 a
1179 2875 1180 2888 ¹

363 3058 490 3124 Favus
510 3059 720 3126 distillans
740 3063 851 3126 labia
870 3069 944 3126 tua.

279 3214 433 3306 Hactenus
462 3214 523 3292 egit
548 3217 677 3292 gratias,
716 3224 747 3279 ct
773 3217 963 3296 praedicavit
991 3220 1105 3298 insigne
1179 3163 1180 3200 F

198 3322 320 3395 donum,
342 3319 425 3409 quod
442 3319 533 3384 Deus
546 3320 673 3386 instituit
693 3321 829 3403 politiam
852 3331 883 3387 et
904 3325 1103 3391 sacerdotium

79 3484 82 3490 .
197 3429 228 3491 in
253 3418 314 3504 lroc
333 3424 463 3506 populo,
492 3441 572 3492 nunc
600 3427 684 3500 addit
713 3429 896 3494 conscium
924 3432 1030 3498 alteo
1059 3433 1103 3496 illa

199 3607 404 3627 mu·-

259 3725 301 3798 ³)
320 3725 410 3783 uaso.
425 3728 488 3786 rs„
516 3727 575 3800 o)
596 3728 797 3792 occorrono
810 3736 896 3795 vern.
947 3693 1018 3808 ὦ)
1035 3737 1100 3794 oar

198 3821 331 3890 evangelii
349 3837 465 3894 sputus.
481 3901 484 3914 Β
500 3823 599 3899 icor.
618 3825 643 3881 2.
