2308 4316
295 270 486 360 notenses
500 273 671 336 salomonis.
886 257 940 346 'dn
1027 243 1044 254 ”
1133 317 1137 334 ,

722 363 746 408 υ

42 457 183 516 tentantur.
233 448 330 512 Omne
360 452 438 512 enirn
467 453 550 531 quod
570 455 650 515 ‘tacit
671 454 769 529 Deus,
796 426 827 518 et
855 431 940 535 qnod
1011 433 1014 438 ¹

42 538 75 622 fit¹
86 559 145 620 beo
159 555 278 618 datore
307 556 483 630 sunbona,
513 558 678 635 jucundum
706 545 865 633 est‚'hoo,
883 570 939 636 est,
970 557 1005 620 ι’
1045 601 1050 614 ι

42 662 149 743 quando
170 676 226 724 eor
246 670 293 724 est
314 679 451 725 vaenum*
468 651 558 737 ouria
580 675 609 726 et
630 671 730 728 tamen
751 665 791 727 illi
812 683 863 729 res
885 669 939 730 ati-

41 766 269 848 quonammodo
290 766 429 841 obvenit,
452 771 502 830 vet
523 770 653 832 occurrit
674 771 796 848 aliquod
818 775 938 849 speeta-
1023 833 1026 842 ,

41 873 125 937 ouium
147 878 209 933 eto
238 870 300 934 boo
330 872 420 935 vaide
451 873 591 936 delectat.
637 875 757 938 Habent
786 892 858 954 ergo
887 877 939 938 isti

40 981 225 1056 voluptatem,
251 978 306 1039 nbi
327 979 386 1041 alii.
399 978 606 1055 aiilietionenr,
627 982 700 1059 quia
721 998 779 1044 suo
802 988 938 1060 tenpore

40 1079 149 1152 laniunt,
171 1081 319 1170 divinitus
341 1086 456 1148 obtato.

39 1247 261 1316 Etnundum
279 1245 388 1308 dedit
408 1233 445 1310 in
467 1221 691 1323 o'oreorurn}
713 1227 844 1312 vernn
865 1267 937 1314 non

39 1351 285 1433 deprehendit
306 1351 418 1416 hono
441 1371 554 1431 opus,
582 1355 684 1434 quod
706 1356 802 1418 iacit
823 1355 957 1428 oeus„

286 1457 329 1518 ab
351 1459 467 1521 initio
491 1459 537 1526 ad
559 1461 709 1524 finam.-

106 1605 299 1697 donfirmetio
321 1616 369 1671 est
384 1589 640 1687 praecedentium.
682 1613 869 1689 Quanquam,
890 1611 935 1672 in·
971 1637 981 1658 ·

39 1715 104 1794 quit,
131 1712 216 1775 Deus
244 1712 329 1776 dedit
355 1716 500 1778 mnndum
532 1719 563 1778 in
591 1735 644 1780 eor
675 1701 855 1790 hominurn:
875 1733 935 1779 non
1019 1732 1024 1745 ι

41 1826 122 1882 tanen
139 1824 274 1896 possunt
289 1835 360 1881 eum
378 1819 445 1883 suis
458 1815 595 1885 oonsitiis
610 1838 724 1900 regere.
765 1821 820 1885 Est
833 1829 934 1885 autern

39 1923 238 1997 Hebraismtrs,
250 1957 254 1962 -
267 1924 298 1985 in
319 1941 377 1987 eor.
393 1926 467 1988 dare
480 1927 515 2004 ιι)
539 1929 588 1989 vet
609 1928 705 2007 loqui,
732 1944 789 2006 pro
809 1929 935 1991 dulciter
1006 1921 1010 1934 '

38 2040 62 2093 et
77 2029 182 2092 blande
210 2029 290 2092 dare
314 2031 363 2092 vel
387 2032 480 2110 toqui.
523 2033 595 2096 Vult
622 2033 738 2095 dicere:
769 2033 852 2098 Deus
873 2051 934 2096 non

40 2139 121 2220 solum
140 2136 194 2197 dat
214 2133 361 2198 mundum
383 2137 413 2198 in
431 2150 554 2198 rnnnum
571 2127 784 2217 hominum),
805 2146 839 2201 ut
859 2148 934 2218 pos-

39 2243 86 2304 sint
103 2240 316 2320 praesentibus
338 2241 397 2315 uti,
417 2259 522 2305 venam
537 2245 634 2305 etiarn
656 2245 684 2306 in
706 2244 798 2306 eorda
819 2250 958 2319 eornm‚'
1033 2308 1035 2316 ,

40 2355 64 2409 ut
85 2345 204 2424 possint
229 2346 365 2424 jucunde
392 2356 422 2411 et
449 2367 517 2412 eum
547 2351 702 2427 voluptate
729 2349 786 2423 uti,
813 2348 870 2430 bob
896 2350 932 2430 dt

28 2451 118 2533 &teob
132 2450 194 2518 ttttb
213 2449 283 2533 2ιῇ
298 2451 502 2534 bobonitobett
514 2454 567 2530 W).
610 2453 647 2516 itt
663 2461 762 2516 tannen
783 2467 842 2550 non
864 2463 932 2534 pot-

40 2557 181 2620 esthemo
205 2558 296 2632 seire,
318 2558 439 2637 quando
462 2567 518 2620 est
529 2559 644 2621 initium
667 2561 714 2621 vet
735 2559 803 2622 dbis
820 2563 932 2640 opens,

40 2657 144 2742 qnando
166 2669 221 2725 ant
244 2663 391 2742 quamdiu
411 2665 451 2727 sit
468 2664 636 2727 habiturus.
678 2665 723 2726 Sit
744 2682 817 2743 ergo
837 2664 930 2728 homo

41 2774 189 2843 contentato,
211 2770 296 2848 quod
316 2769 411 2833 babet
430 2771 575 2834 mundum
596 2771 626 2832 in
645 2787 704 2834 suo
726 2773 809 2833 n'suf
835 2769 930 2833 Simili
981 2807 983 2812 -
1106 2821 1108 2830 s

40 2871 128 2950 phrasi
147 2875 283 2956 loquitur
295 2875 408 2938 Paulus
428 2878 513 2939 Aeto.
529 2873 577 2940 1t;
589 2877 646 2953 xi:
667 2875 704 2938 ttt
725 2875 848 2956 quidem
868 2894 929 2940 non
973 2895 976 2904 ⁴
1047 2951 1050 2954 ,

41 2979 93 3039 sina
111 2979 282 3043 testimonio
309 2982 506 3060 semetipsum
536 2981 656 3061 reliquit
676 2974 868 3044 benefaciens
890 2983 929 3044 de
1049 2997 1053 3006 “

42 3084 127 3156 coeto,
152 3084 230 3148 dans
252 3087 423 3164 pluvisset
448 3094 584 3166 tempora
604 3087 770 3161 fructifera,
798 3089 927 3165 implens
1046 3103 1048 3108 ·

41 3189 96 3251 cibo
111 3198 140 3252 et
158 3191 272 3277 laetitia
293 3192 518 3270 sardaeorum
540 3200 570 3255 et
590 3191 727 3273 alibitiz
755 3192 809 3268 Qui
832 3192 928 3254 adrni-

41 3295 131 3360 nistrat
158 3297 259 3360 omnia
287 3271 419 3377 copiose.
460 3298 547 3360 Hane
573 3297 716 3368 laetitiam
739 3295 927 3363 Christianus

41 3399 126 3475 habet,
147 3410 179 3464 et
198 3404 410 3482 unusquisque
429 3403 569 3476 haberet,
590 3405 618 3466 si
640 3407 747 3500 posset
767 3401 927 3466 contentus

41 3522 102 3568 esse
128 3509 346 3584 praesentibus.
371 3501 486 3570 *Reate
513 3509 546 3570 1).
567 3508 770 3588 Hieronymus
799 3507 871 3570 dicit
896 3509 926 3576 in
993 3562 1000 3576 .

42 3661 232 3676 ψ

101 3713 453 3825 r)liareincor(15³d).
531 3754 566 3825 v)
586 3752 697 3809 iinndne
723 3753 751 3806 in
777 3753 939 3846 cortada-⁹
1040 3807 1045 3814 ,

44 3847 126 3910 minum
142 3849 221 3910 datus.
265 3849 311 3922 w)
330 3847 410 3906 tiene.
428 3847 455 3906 2.
501 3849 532 3920 x)
549 3849 605 3906 Act.
625 3847 667 3905 14.
713 3846 747 3920 y)
767 3848 791 3904 l.
811 3837 875 3904 Tirn‘.
894 3847 921 3906 d·
995 3869 1002 3876 ·
