2406 4322
357 195 739 298 amnemamnem.
798 221 800 231 '
936 183 1013 300 ¹tun
1064 325 1067 332 Ι

96 409 395 492 litvidiimpios
417 414 610 494 sepultos,
632 411 698 492 qni
718 409 755 475 iu
770 412 859 478 loco
874 419 1013 476 sanato
1109 383 1147 424 ’”

98 519 371 592 ambulabant,
422 528 460 582 at
503 519 697 583 oblivioni
734 518 871 582 traditi
908 524 1013 592 scunt,

97 624 198 706 qaod
228 624 368 696 taliter
398 642 440 688 sa
470 624 723 704 gessissent:
747 623 826 686 lloc
854 639 1012 708 quoquc

238 737 240 742 '
355 731 709 794 .=oanitose.st=.-·
799 815 803 821 .
875 771 934 797 ,κ

174 845 360 946 ΒῑιηῙΙῑὲιθεῑ
380 835 467 946 loeus
490 885 585 947 Anms
606 869 690 964 nm}
717 835 801 946 'tiae
822 882 928 958 vobis,
958 879 1012 962 qui
1122 889 1124 895 ’

84 989 228 1068 opulenti
249 989 329 1052 estis
361 989 391 1051 ln
413 987 497 1062 Sion,
528 989 733 1068 ingredientes
761 989 936 1070 pompatice
956 990 1013 1051 do·
1116 974 1118 979 ’

96 1092 210 1174 numi)
242 1094 346 1168 Israel.
388 1090 444 1158 Est
471 1102 572 1158 autem
601 1095 719 1174 ingredi
751 1095 931 1159 ecclesiam'¹
944 1095 1012 1158 sivo

94 1201 213 1264 domum
235 1197 291 1262 Dei
306 1197 459 1264 Hebraiea
478 1200 586 1279 ligura,
607 1201 688 1265 idom
710 1201 795 1281 quod
816 1218 923 1280 gerere
945 1189 1011 1263 ma‘·

95 1306 249 1384 gistratum
278 1307 309 1368 in
336 1308 451 1387 populo
471 1302 647 1381 Dei,'sicut
666 1307 753 1371 Desit.
779 1303 875 1386 2211‘)
920 1306 1013 1384 iuter·
1105 1314 1110 1325 ‘

94 1410 202 1474 dictum
225 1414 273 1508 est
294 1413 492 1487 Ammonilia,
526 1429 566 1475 ne
596 1413 825 1491 ingrederentur
854 1415 885 1476 in
912 1415 1011 1476 eccle·
1058 1475 1062 1482 ,
1165 1444 1171 1456 κ

93 1517 165 1580 siam
186 1515 259 1592 Dei,
281 1517 313 1580 id
335 1524 396 1594 est,
419 1536 457 1583 ne
478 1509 706 1582 dominarentur
727 1521 758 1581 in
779 1517 937 1598 republica
957 1518 1011 1581 ln·
1105 1557 1124 1602 .7

93 1621 245 1686 dacorum.
287 1624 432 1688 Poterant
465 1623 545 1688 euim
571 1624 765 1688 Ammonitae
789 1641 864 1689 esse
893 1626 925 1686 in
954 1641 1034 1704 pon
1147 1637 1148 1644 ¹

93 1729 159 1840 ⁹¹¹¹ss
188 1713 262 1804 uei,
297 1731 445 1794 sednon
473 1715 580 1808 gerere
611 1717 833 1810 magistratum.
876 1729 929 1793 Sic
959 1729 1011 1793 hic

94 1851 215 1916 quoqne
236 1842 325 1900 erant
345 1837 375 1898 iu
397 1837 466 1900 loco
488 1845 605 1911 saneto,
625 1837 658 1899 id
679 1845 735 1910 ast,
758 1837 1012 1901 administrabant

51 1958 55 1968 ·
92 1943 317 2022 rempublicam.
360 1942 438 2004 Dicit
459 1943 580 2022 itaque:
622 1943 693 2004 Vidi
724 1945 838 2021 impios
863 1937 1012 2021 sepultae,
1139 1961 1143 1978 ·

93 2047 205 2122 idest,
232 2056 396 2130 tyrannos¹
411 2048 685 2122 exstinctoscsse,
707 2048 822 2113 bonum
843 2047 1012 2127 principem

91 2150 501 2230 cacodaemonum
524 2154 617 2224 Saule
644 2155 800 2230 Davidem.
843 2153 1012 2233 Sedimpii
1105 2175 1107 2193 t

92 2260 290 2341 atpranuide
326 2255 531 2339 liberatillll
566 2260 788 2327 obliviscuntur
813 2259 1010 2323 liberationis.

92 2367 141 2430 Sic
161 2366 305 2432 homines
327 2368 417 2445 plane
432 2382 491 2429 non
507 2365 899 2443 agnoscuntbenelicia,sic
911 2371 1012 2426 etnos
1129 2384 1133 2398 a

91 2473 191 2536 statim
213 2473 299 2539 obliti
321 2483 430 2535 sumus
452 2470 558 2550 optimi
582 2471 727 2552 principis
738 2463 1012 2550 attoariorum),
1075 2487 1082 2494 ·
1125 2497 1127 2504 ι

90 2577 175 2658 pacis*
197 2579 325 2642 autoris.
368 2575 464 2642 Nemo
488 2577 611 2656 cogitat,
628 2549 715 2658 ffiae
735 2579 818 2640 bona
845 2591 901 2655 per
927 2573 1011 2636 illum
1090 2638 1095 2656 ί

93 2685 228 2749 assecuti
251 2685 365 2757 simus,
386 2691 417 2746 et
438 2699 457 2745 a
478 2684 591 2764 quibus
613 2683 701 2747 malis
722 2683 848 2747 liberati.
881 2679 1012 2758 Semper

91 2789 147 2851 alia
167 2788 399 2864 desideramus,
419 2790 628 2870 praesentium
649 2790 838 2868 negligentes
862 2795 893 2852 et
914 2787 1011 2849 obliti.

90 2893 198 2960 Omnia
219 2911 294 2959 vero
315 2895 395 2960 haee
416 2897 489 2960 ideo
503 2897 643 2960 dicuutur
660 2911 679 2957 a
696 2893 877 2970 Salomone,
909 2900 944 2954 ut
965 2891 1012 2953 di·
1046 2886 1048 2890 ’
1160 2956 1165 2965 ,

91 3017 214 3065 scamus
236 3003 344 3082 {nosse
373 3002 534 3077 mundum,
568 3002 782 3082 etsapienter
814 2999 856 3062 uti
885 2995 1011 3061 stultitia

90 3107 317 3185 hujusmundi.
414 3157 419 3164 .
840 3152 847 3164 ,
998 3131 1001 3136 -

72 3217 75 3224 ’
168 3215 243 3278 Ideo
265 3213 317 3277 hic
337 3213 414 3278 liber
433 3213 566 3277 maxinm
586 3221 635 3277 est
654 3211 804 3290 legendus
831 3209 921 3274 novis
943 3223 1010 3270 rec·

90 3299 272 3397 tonnus‘m),
295 3320 439 3418 quicum
459 3319 594 3384 habeant
627 3326 721 3400 caput
742 3301 906 3382 distentum
943 3303 1010 3394 opi·
1055 3363 1057 3370 .

157 3557 194 3630 lu)
211 3557 292 3614 Aaron
320 3557 347 3613 a
437 3553 462 3624 i)
482 3554 590 3628 lmedi
614 3555 730 3612 donum.-
769 3553 858 3612 itane
900 3551 1010 3622 ingredi
1040 3551 1044 3566 '
1135 3502 1141 3512 ·

92 3653 238 3712 ιωΙοιίαιι.
306 3652 343 3720 k)
363 3649 440 3706 beda
458 3649 503 3707 22.
552 3650 582 3717 l)
599 3648 705 3706 Frider.
723 3649 840 3709 aanor.
894 3645 936 3719 tir)
949 3645 1009 3712 littt-
1091 3727 1095 3732 “

91 3749 167 3806 ribus
185 3747 314 3802 maduca
331 3746 355 3802 is
372 3744 449 3802 liber.

74 3837 78 3842 ’
162 3841 229 3913 tta)
246 3841 361 3900 iberici·
407 3838 475 3912 ill)
495 3836 617 3896 Fodcrlni
635 3833 713 3893 atta
