2406 4322
204 275 208 282 “
265 315 267 324 ι
350 260 538 330 Ecclesiaslac'
556 261 739 340 Salomonis.¹
934 251 996 329 221
1039 293 1040 298 ¹
1094 251 1099 258 ’

84 444 201 525 'curare
211 443 492 535 necor'rtrmpantur
502 451 589 528 tigna
601 445 827 528 ²²¹)-aedlum,
840 460 899 510 non
918 447 998 522 facit,
1102 529 1103 534 ἵ

91 561 185 624 donec
211 563 273 620 lota
301 557 412 620 domus
438 559 555 620 ruinam
582 555 693 627 trahat.
747 546 806 618 Ubi'
823 569 905 630 ergo
937 571 999 618 non
1031 565 1036 572 ‘

91 673 136 728 est
156 663 370 742 paterfamilias
394 664 537 736 sedulus,
557 666 611 742 qni
632 662 769 742 quotidie
790 664 956 733 ιιιειιιιιιιι,ί
971 660 999 722 si
1021 644 1034 693 ἶ

91 772 159 851 qold
180 771 348 848 collapsum
369 776 424 842 est,
446 770 487 831 lbi
510 764 632 848 semper
652 770 730 831 solet
749 768 895 843 damnum
917 766 999 828 aliud

90 877 172 939 aliurl.
187 877 294 955 sequi3
323 876 449 939 sedulus
480 890 552 938 vero
584 891 657 938 mox
678 881 845 947 restaurat,
874 873 902 936 si
924 870 1008 951 quid*
1120 903 1121 906 =

89 989 260 1060 corruptum
283 989 339 1055 est,
360 989 390 1045 el
411 999 469 1043 non
493 983 592 1044 solum
610 988 773 1044 conservat
795 981 875 1058 qnae
895 976 999 1052 habet,

90 1091 141 1151 sed
164 1090 254 1150 etiam
275 1087 372 1150 reficit
394 1097 424 1150 et
449 1095 571 1166 reparat
593 1085 699 1160 fracta,
726 1094 756 1150 et
779 1086 864 1148 addit
884 1083 1000 1162 aliquid

86 1196 175 1258 rebus
196 1203 226 1256 et
257 1195 382 1257 ornatui.
429 1193 515 1269 Quart
538 1202 640 1262 autem
661 1193 700 1256 dc
729 1193 820 1256 domo
842 1191 931 1270 dicit
960 1189 999 1252 de

86 1309 159 1364 tota
166 1317 200 1363 re
230 1301 366 1362 familiari
389 1301 452 1398 ynlt
480 1299 634 1376 intelligi.
654 1299 738 1362 Siout
759 1306 911 1362 structura
931 1312 999 1358 cor·
1028 1320 1032 1338 ·

86 1409 141 1469 ruit
163 1407 309 1484 neglecta
330 1407 376 1486 sic
397 1411 462 1468 tota
482 1423 533 1467 res
548 1405 704 1468 familiaris
726 1407 838 1468 corruit
844 1397 997 1482 neglecta.
1025 1399 1029 1414 “

85 1514 216 1592 Diligens
252 1513 468 1590 paterfamilias
505 1509 628 1590 s'emper
655 1517 728 1574 est
735 1513 765 1574 in
798 1509 1000 1589 augendos),

84 1621 211 1701 ignavus
233 1635 364 1696 ¹semper
391 1627 439 1680 est
472 1619 512 1680 in'
531 1618 698 1696 perdendo.
735 1619 792 1680 illa
819 1617 904 1680 multi
932 1618 999 1696 epi-
1077 1603 1083 1630 '

84 1731 230 1804 scopalus
251 1733 282 1788 el
302 1724 489 1804 principatus
512 1732 704 1798 ammarum,
732 1725 806 1804 quia
832 1739 922 1787 nemo
949 1739 998 1785 re-

84 1833 244 1904 stauravit,
280 1847 370 1894 nemo
385 1871 386 1880 ι
404 1830 541 1922 adhibuit
568 1847 700 1894 manum.
751 1832 806 1908 Qui
834 1831 999 1894 contemnit
1085 1831 1086 1836 ’

83 1938 210 2011 modica,
232 1939 378 2016 paulatim
400 1937 501 2000 omnia
521 1937 628 2016 perdit.
664 1937 883 2014 Paterfamilias
906 1929 998 2000 debe't

83 2059 150 2106 esse
178 2051 211 2106 et
232 2061 344 2122 parcus
366 2051 397 2106 et
416 2045 536 2120 largus,
565 2060 622 2106 nec
644 2043 734 2106 debet
755 2043 878 2106 minima
899 2041 994 2121 negli-
1027 2123 1030 2138 Δ

82 2167 162 2232 gera,¹
179 2157 216 2213 ut
238 2145 602 2230 possit²²¹)aare‚,ubi
625 2156 674 2214 est
694 2149 837 2220 tantun,
860 2149 933 2229 qtaia
955 2165 1022 2219 ert¹
1082 2229 1084 2236 y

82 2257 212 2321 minimis
234 2265 456 2335 congregantur
475 2257 618 2320 maxima.
1037 2263 1041 2269 “

158 2363 271 2428 Noster
284 2349 642 2443 princepsFridericusr)
654 2363 884 2426 laudatissimus
893 2371 994 2442 paler-

80 2471 209 2534 familias
231 2471 277 2532 sic
299 2467 529 2532 administrabat
549 2484 612 2531 rem
634 2451 828 2544 familiarem,
852 2477 885 2548 ιιι
906 2469 993 2531 vide-

79 2585 159 2641 retur
187 2593 262 2640 esse
291 2575 450 2649 sordidus,
485 2575 666 2643 numerabat
698 2577 778 2640 euim
805 2575 970 2666 singulis
962 2593 993 2638 rn

81 2700 216 2756 manum,
241 2681 340 2772 eoem,
368 2679 499 2775 cellariis
521 2688 579 2746 etc
623 2681 685 2744 Sed
706 2680 895 2762 hospitibus,
925 2683 993 2759 qui·
1082 2720 1085 2726 -
1121 2701 1126 2710 ·

80 2790 135 2852 bus
154 2797 221 2851 erat
236 2787 377 2862 dandum,
400 2787 571 2866 largissime
588 2786 763 2855 effundebat
778 2789 897 2862 omnia,
908 2787 993 2867 quod
1063 2829 1094 2874 4

79 2913 135 2957 non
157 2895 328 2974 potuisset,
345 2895 412 2961 nisi
444 2895 517 2960 illud
538 2894 725 2974 parsimonia
743 2902 895 2960 curasset.
937 2895 992 2957 At·

79 3017 138 3078 que
158 3000 201 3064 ita
222 3000 336 3076 effecit,
370 3009 404 3064 ut
422 2999 550 3064 haberet
571 3001 795 3066 amatissimam
817 3001 941 3064 domum
961 3007 992 3062 et

78 3107 229 3168 familiam.
272 3107 323 3170 Sic
351 3123 424 3186 ergo
451 3115 482 3172 et
502 3108 646 3196 princeps
673 3109 727 3172 ubi
753 3101 877 3192 negligit
897 3124 990 3172 unum

79 3219 108 3273 ct
135 3213 261 3276 alterum
289 3215 459 3276 usurarium
488 3222 541 3277 aul
574 3217 651 3278 alios
678 3215 820 3294 publicos
848 3215 991 3276 malefac-

77 3324 173 3390 tores,
201 3319 323 3382 tandem
345 3337 383 3382 eo
404 3324 577 3400 perveniet,
604 3331 638 3389 ut
659 3323 757 3386 nullos
786 3322 918 3388 omnino.
932 3338 991 3400 pu·

76 3423 150 3498 nial,
179 3430 210 3487 et
229 3427 405 3508 respublica
432 3433 495 3492 tota
524 3435 600 3495 ruat.
644 3429 695 3515 Sic
722 3437 752 3492 et
772 3430 898 3493 Romani
919 3422 1004 3548 belli'
1086 3453 1088 3462 ·
1173 3449 1180 3462 ·

76 3573 283 3596 -ι-Ι-ὴιῶ-Δ--ὴ

144 3673 177 3746 ol
199 3675 405 3760 ‘forannanus
435 3672 551 3730 oraclum
593 3676 703 3748 (aas).
782 3676 811 3746 r)
837 3671 1006 3734 Fraternas

75 3766 190 3826 Elector.
1025 3795 1028 3804 ¹

145 3863 214 3936 ²²ll
235 3863 315 3936 licor·
373 3863 441 3936 228)
460 3864 480 3932 ι
496 3864 605 3936 rorum
623 3864 734 3938 (rua),
776 3924 781 3940 N
