2386 4316
205 245 270 319 ἢ
547 253 638 334 ceper
658 255 782 332 prtum
816 329 823 358 '
916 227 921 256 ‘

204 435 308 516 quiin
329 435 458 514 imperio
485 442 571 508 sunt,
600 436 739 514 plurime·
758 436 841 498 rnnle
866 435 1013 508 sentiunt,
1046 453 1113 498 nos·

205 558 298 622 quam
317 543 399 604 enim
419 547 508 604 snten
534 551 649 607 cesset
690 544 764 606 Sole
784 543 876 620 igitur
896 541 993 606 oratio
1016 548 1113 615 restet

146 637 148 644 ’
204 665 267 728 qno
287 635 479 718 difficultates
501 657 532 712 et
551 651 699 729 scopulos
721 651 806 722 illos,
827 651 857 712 in
878 665 959 727 quos
979 649 1113 726 impingi·

204 771 288 828 mus,
317 771 508 834 superemus.
551 757 634 820 Deus
662 757 741 818 enim
769 756 839 818 ideo
868 772 926 818 nos
954 761 1051 818 tentet
1069 755 1115 820 bis

204 859 358 940 malis*),
386 870 420 924 ut
442 862 626 926 ostendatur
654 862 750 942 glorie
771 863 858 926 verbi
886 869 916 923 ct
944 861 1115 940 magnifice-

201 967 251 1031 tur
277 949 378 1031 virtus
409 968 512 1030 divion
543 970 573 1031 io
605 968 789 1042 infirmitate,
824 967 939 1046 alioqui
966 961 1029 1030 noir
1055 976 1115 1030 erut

205 1076 292 1140 locus
315 1075 523 1141 ostendendae
543 1065 658 1152 glorioe
679 1082 710 1138 ct
730 1075 960 1138 misericordiae
980 1089 1064 1137 suec.

519 1240 562 1303 llt
588 1258 800 1304 curremus.

285 1396 340 1460 Est
360 1395 581 1476 emphaticum,
609 1381 670 1461 non
698 1398 771 1461 dicit
792 1357 1036 1472 embolabimns‚
1063 1400 1115 1460 sed

204 1505 369 1568 curremus.
413 1504 446 1566 st
467 1511 499 1566 tu
521 1503 674 1567 afflaveris
697 1504 806 1583 spiritu
826 1501 968 1582 tuo·**),
993 1505 1115 1566 libenter

1179 3101 1180 3154 l

1179 3295 1180 3344 l

204 1627 295 1688 egum
310 1611 485 1690 principem,
507 1609 672 1684 doctorem,
694 1611 843 1684 maritum,
862 1611 1047 1689 discipulum
1061 1617 1112 1673 otc.

109 1769 115 1786 ,
204 1719 314 1780 Sinon
332 1716 494 1790 minuens,
515 1716 589 1779 nihil
601 1718 774 1797 quisquam,
794 1717 993 1796 quantumvis
1007 1733 1112 1794 mogon

202 1824 305 1888 studio
326 1833 357 1888 et
385 1839 473 1898 curn,
501 1823 708 1903 promovebit,
736 1825 916 1903 praesertim
943 1825 977 1884 in
1005 1824 1112 1902 politio

202 1932 288 1995 Sicut
307 1929 449 1994 videmus
470 1947 660 1994 summorum
680 1930 836 1994 bominum
858 1922 1012 2009 sapientia
1032 1945 1111 1994 ever·

201 2055 265 2112 sos,
285 2053 346 2102 non
368 2035 489 2114 adjutas
509 2035 744 2100 florentissimos
765 2036 960 2115 respublicas
982 2053 1063 2100 esse

249 2188 328 2267 Rex
347 2203 578 2267 introduxit
599 2221 655 2266 mc
676 2205 714 2266 in
736 2204 928 2266 conclave
949 2219 1067 2266 suum.

282 2359 394 2422 nlludit
422 2359 461 2421 ed
474 2345 591 2422 'mores
618 2337 785 2438 sponsi'et
806 2374 957 2438 sponsae,
991 2367 1021 2420 et
1041 2358 1111 2436 ligu-

201 2473 269 2528 rnte
288 2465 420 2528 ostendit
439 2463 615 2528 exauditam
635 2463 803 2527 cretionem
832 2479 905 2527 esse
918 2461 1011 2544 Μ).
1050 2465 1114 2542 Sig-

201 2571 304 2634 niiicnt
331 2571 410 2632 enim
440 2585 591 2634 sommam
612 2571 861 2634 benevolentiam.
876 2570 932 2632 Dei
954 2585 1031 2648 erga
1050 2587 1113 2633 nos.

202 2677 295 2750 Deus,
317 2675 425 2756 incdit*
442 2677 545 2740 inillis
567 2676 669 2750 melis,
685 2693 767 2756 qrree
779 2677 819 2738 tn
831 2677 991 2756 republica
1011 2663 1112 2749 semin

202 2784 378 2848 consoletur
404 2793 468 2856 me,
484 2779 488 2806 ²
503 2784 636 2846 ostendit
663 2799 698 2846 sc
725 2781 876 2848 unientem
904 2788 935 2846 et
955 2785 1112 2848 laventem.

203 2887 289 2975 Sient
311 2903 537 2968 omnsponsns
558 2905 706 2968 sponsum
727 2891 757 2962 in
777 2891 924 2952 conclave
945 2889 1038 2962 ducit,
1056 2905 1113 2952 non

201 2997 273 3058 iecit
302 2995 378 3058 illud
410 2996 481 3058 odio
501 2997 653 3075 sponsae.
695 2996 757 3058 Sic
789 2996 931 3075 exprimit
964 3011 1114 3060 summum

202 3103 284 3164 illum
316 3099 475 3173 effectum,
508 3117 598 3179 quem
632 3103 716 3165 Deus
748 3119 822 3180 ergo
857 3109 981 3166 orentes
1016 3101 1112 3175 babet,

192 3207 285 3286 cuod
307 3207 466 3279 enuntiet,
488 3209 673 3280 consoletur,
693 3211 807 3281 levent,
835 3215 957 3286 ¹augent
976 3207 1067 3272 donis
1085 3215 1112 3270 et

202 3313 364 3376 virtutibus
389 3313 473 3386 suis,
503 3321 538 3377 ut
563 3314 779 3393 unusquisque
806 3308 1000 3378 commodius
1027 3331 1110 3380 suurn
1179 3347 1180 3370 r

100 3429 105 3444 ·
201 3419 333 3483 cilicium
353 3419 458 3484 lacero
477 3422 583 3500 possit.

273 3663 305 3732 ⁸)
319 3663 401 3724 ,Deus
426 3670 509 3716 tentet
535 3677 584 3716 nos
606 3661 633 3716 in
660 3661 757 3716 bonnm
784 3669 911 3715 nostrum.
985 3661 1031 3728 “l
1056 3659 1105 3714 neo
1179 3655 1180 3692 ³

203 3756 336 3825 cupiente
354 3758 442 3818 omnin
460 3755 611 3814 comedunt.
628 3773 650 3800 τ
674 3753 741 3824 η·)
762 3753 913 3812 Orationem
934 3759 1054 3826 seqnitur
1070 3771 1105 3808 cr·

204 3849 313 3906 auditio.
