2308 4316
304 270 489 332 Euolesltele'e
508 237 678 332 Selomottie.
905 257 948 330 4³

56 471 113 519 uteo
138 452 273 529 exemplo
302 450 352 511 olii
370 457 463 514 ‘reule
484 449 635 523 viverent,
666 455 697 511 et
718 449 873 528 sapienter
893 447 948 510 ab·
1010 489 1012 500 ·

56 563 193 631 stiterunt,
220 563 361 635 regerent
386 570 451 620 rem
473 539 658 618 familiarem.
700 554 848 634 Loquitur
868 554 949 618 euim

56 670 87 731 dr
109 665 253 744 sapientia
279 663 416 727 humone
445 670 475 726 et
501 663 640 741 politior,
672 675 733 724 non
762 661 866 724 divine
892 674 950 724 seu

55 771 198 853 spirituaii,
238 787 301 850 qua
328 769 523 847 intelligimus
555 785 621 843 res,
654 781 735 848 queo
770 773 842 830 sunt
875 783 951 846 erge

55 882 142 944 Deum.
184 875 280 956 coepi
301 891 376 954 ergo
392 873 564 949 uedlfiuere,
585 861 722 954 plantare
740 875 855 949 vineas,
876 873 951 937 nihil

55 985 128 1049 omisi
151 983 267 1048 loboris
288 991 320 1046 et
347 981 441 1045 studii
468 989 542 1056 ele,
571 981 628 1044 sed
655 997 696 1044 ex
721 981 874 1044 universis
900 979 953 1044 iris·

55 1091 194 1155 laboribus
225 1089 301 1152 nihil
333 1103 428 1168 quam
456 1089 621 1153 venitatem
655 1095 840 1153 consecutus
874 1100 953 1162 sum,

55 1199 112 1278 quia
132 1213 184 1258 me*
200 1211 271 1258 meo
294 1179 422 1258 oonsilio
443 1207 552 1280 regere
572 1177 731 1256 volebum.'
842 1205 846 1215 ·
1039 1187 1042 1196 ’

121 1301 205 1364 Velle
226 1307 330 1364 eutem
350 1301 398 1363 se'
413 1312 471 1363 suo
485 1300 622 1364 ‚oonsilio
642 1315 749 1378 regere
762 1300 812 1378 ο),
840 1311 953 1363 uenum

55 1417 103 1484 est,
132 1409 194 1470 imo
224 1407 337 1486 duplici
365 1405 560 1499 incommodo
589 1423 624 1493 se
652 1405 772 1484 ellligil,
806 1409 858 1486 qui
886 1405 953 1470 suis

56 1534 84 1580 se
101 1514 233 1578 consiliis
249 1529 357 1592 regere
378 1512 450 1586 vult,
472 1513 570 1590 primo
591 1519 713 1593 torquet
733 1501 861 1592 seipsis
881 1529 956 1575 con·

54 1621 130 1694 siliis,
159 1619 304 1684 seeundo·
326 1618 633 1697 nihileonsequltur,
663 1625 715 1683 aut
735 1621 763 1682 si
785 1619 859 1699 quid
882 1634 956 1683 oon-

55 1727 185 1806 sequitur,
200 1725 290 1789 dolor
305 1712 465 1788 intervenit
478 1731 512 1786 et
522 1725 640 1788 irritum
653 1725 732 1788 leel.
765 1725 817 1789 Sis
829 1723 955 1807 tieret)

56 1831 234 1911 magnilleam
261 1839 293 1894 et
322 1832 439 1910 regiam
469 1830 606 1893 domum'
622 1827 778 1906 aedificat,
810 1831 867 1896 seul
895 1847 957 1895 uon

56 1940 155 2010 lrultur.
197 1937 251 2001 Sir
278 1937 359 2000 enim
385 1939 449 2002 lere
469 1937 516 2012 itt,
542 1945 577 2002 ut
597 1955 678 2002 unus
691 1937 853 2013 oedlfieet‚‘
883 1939 958 2002 alter

56 2043 202 2125 possideat
230 2051 260 2106 ot
286 2045 403 2107 iuuetur
411 2049 425 2120 ,⁴
446 2045 530 2125 quod
559 2043 751 2108 aedificatum
780 2051 842 2119 est,
874 2049 905 2108 ei
924 2047 964 2108 ut'
1044 2032 1048 2040 ’

56 2151 134 2213 latet
153 2149 571 2232 parebelr'evengeltoaep
603 2167 685 2216 unus
706 2153 852 2226 seminet,
878 2149 958 2214 ellus

57 2257 135 2320 metit.
179 2255 230 2318 Sie
259 2255 377 2319 ioelleis
403 2257 569 2321 memorius
592 2259 739 2338 ‘princeps
765 2265 870 2322 nosoer
896 2255 956 2319 liri·

57 2359 204 2440 leueust)
239 2362 334 2424 multe
364 2361 551 2438 aedificavit,
581 2363 639 2428 sed
671 2380 751 2428 nune
779 2363 828 2426 'elli
855 2363 958 2442 possi·

58 2469 125 2530 tent
165 2467 315 2545 Respexit
333 2466 383 2530 ille
404 2469 434 2530 in
455 2469 571 2544 lutura,
598 2487 660 2534 nott
686 2475 847 2534 contentus
869 2485 959 2549 pree·

24 2609 26 2614 ·
58 2574 197 2646 senibus,
225 2589 291 2636 uno
316 2571 476 2638 uedlfloeto
501 2575 655 2654 quaesiuit
674 2593 747 2641 mox
768 2576 860 2640 uliud.
902 2575 959 2640 lile

58 2679 260 2759 prineepsep‘
282 2680 335 2757 qui
360 2665 445 2744 ‘nuno
469 2689 533 2757 est,
561 2681 730 2746 uudllioells
757 2699 819 2748 non
845 2683 961 2759 luitur,
1061 2683 1071 2690 '

59 2787 107 2849 sod
126 2787 185 2848 elie
203 2781 353 2858 aedificat,
375 2788 471 2851 munit
482 2789 587 2862 urbes,
604 2795 636 2852 et
656 2787 751 2852 hebet
767 2792 857 2869 plane
878 2791 960 2854 eliud

59 2891 189 2956 studium.
229 2890 333 2968 liujus
356 2879 522 2959 successor
532 2891 581 2975 hl·
604 2895 664 2958 elio
690 2910 808 2960 rursus·
828 2897 968 2961 delectu·

59 3000 128 3066 ortu
147 3005 177 3060 et
194 2997 266 3076 lpse
287 2997 399 3062 stoue.
460 3003 463 3015 ¹
508 2985 510 2992 '
946 3029 949 3034 ι

129 3105 211 3166 liueo
230 3103 323 3180 igitur
342 3109 392 3168 est
412 3113 486 3168 vete
506 3113 618 3184 mugra
635 3108 756 3170 vanites
776 3115 809 3170 et
828 3109 961 3195 miseria,
1048 3173 1050 3178 .

61 3209 141 3287 elligi
160 3209 191 3271 in
217 3209 289 3288 ipso
316 3225 433 3288 opere·
452 3224 529 3274 eura
551 3220 590 3294 et
616 3212 829 3287 sollieitudine,
862 3215 961 3279 donee

61 3315 226 3393 perleittur,
243 3315 338 3384 'leole
351 3321 460 3390 eutem,
474 3307 560 3380 'mori
582 3320 630 3382 vel
649 3319 808 3394 lufirmari,
828 3323 878 3383 vel
900 3321 960 3386 ello

56 3419 262 3499 lmpeuuuenro
284 3421 397 3501 privari
416 3422 485 3500 elus
507 3438 567 3487 usu
588 3433 620 3489 et
637 3425 730 3502 botro,
750 3426 806 3490 sed
829 3433 859 3490 et
880 3429 973 3503 eum‚'

120 3679 150 3748 e)
167 3679 246 3734 Velle
270 3696 300 3736 re
324 3695 373 3735 ruo
394 3678 506 3762 oonsilio
529 3695 643 3752 regere,
705 3681 738 3754 tl)
757 3681 837 3741 llere.
874 3683 960 3740 lfflr
1042 3695 1049 3716 ¹

62 3773 226 3831 lurorrluttliu
259 3773 365 3828 humaui
398 3775 487 3858 enimi.
558 3775 590 3844 e)
613 3775 705 3832 lohere.
730 3775 755 3834 t.
831 3779 858 3864 l)
886 3779 959 3842 rut.
1002 3804 1005 3818 =

10 3929 16 3950 x
61 3867 164 3926 Elector.
233 3869 269 3942 p)
286 3867 379 3928 teian.
395 3867 510 3928 Elector.
541 3873 552 3893 ·“
580 3867 820 3943 literatius·
