2308 4316
108 326 109 334 ,
185 255 228 336 28
527 263 754 346 capurpnmn

183 439 246 512 hoc
265 437 374 530 est²⁰)
396 444 436 510 de
453 443 546 523 huius
564 445 647 537 rogis
665 447 823 525 sapientia,
836 447 1045 522 testimouium,
1062 461 1085 518 et

184 558 284 625 mmcn
306 567 361 618 rex
381 554 583 644 tcmflsapicns
606 562 637 616 ct
648 555 791 634 prudens,
813 571 872 618 non
895 555 996 620 effecit
1015 561 1085 638 quod

185 658 289 734 votuit,
310 676 371 722 non
387 657 496 745 habuit
509 676 692 724 successum
713 661 793 724 iltius
814 669 954 735 conatus
974 671 1085 728 etrcctc

183 765 317 846 quidem,
337 783 398 829 nora
419 765 499 840 enim
518 766 601 830 dedit
622 768 740 832 citieus
761 765 842 830 banc
863 770 1042 850 sapientinm
1060 779 1085 833 ut

184 871 287 936 omnia
307 879 422 952 posset
464 872 530 936 Non
560 873 635 936 dixit
654 874 753 937 Deus:
780 871 869 936 Dabo
897 870 951 933 tibi
977 871 1085 949 sapien-

120 1023 121 1029 ι
182 977 264 1052 bem,
287 995 380 1058 quum
400 979 525 1043 audient
546 980 595 1042 alii
617 985 675 1042 etc.
717 979 823 1058 ltaque
842 993 882 1040 ex
897 975 1086 1055 nacsapton·

182 1084 225 1145 tia
253 1085 324 1163 plus
352 1085 466 1148 laboris
489 1093 520 1148 et
552 1085 667 1150 doloris
689 1083 796 1150 habuit
817 1085 977 1156 Salomon,
1004 1099 1084 1162 quan

183 1205 361 1255 successus.
403 1189 537 1254 Videbat
565 1191 688 1271 quidem
715 1193 838 1270 piaoero
858 1191 938 1263 Deo,
964 1196 996 1252 ιιι
1015 1197 1085 1252 recte

182 1311 311 1375 regnum
341 1297 538 1362 constitueret
572 1303 604 1360 et
633 1297 701 1375 jum
729 1298 844 1376 populo
878 1295 1008 1369 diceret,
1039 1296 1085 1358 sed

184 1419 274 1468 nono
296 1405 501 1483 sequebatur,
522 1421 579 1466 nec
602 1403 754 1482 principes
776 1419 832 1466 nec
853 1403 995 1482 populus

174 1583 179 1606 Ι
264 1508 299 1592 h)
318 1511 370 1573 Αιι
397 1513 486 1588 crgo:
520 1510 671 1589 siquidem
698 1509 770 1572 mihi
800 1525 860 1573 non
882 1518 1085 1588 processerunt
1142 1503 1143 1512 ’

183 1633 252 1680 mea
280 1615 424 1689 consitio,
461 1633 562 1695 oeque
589 1616 628 1680 iis
656 1617 898 1696 obtemperatum
926 1623 988 1689 cst,
1022 1617 1083 1696 quid

183 1724 339 1802 continget
360 1724 444 1796 attis,
474 1715 527 1802 qu'i
549 1724 650 1785 minus
672 1724 815 1802 sopiuntt
857 1721 973 1796 Primo,
993 1725 1085 1802 inquit

183 1837 337 1909 protestor
355 1829 456 1892 mecm
479 1829 709 1908 experientiam.
752 1829 818 1908 ugo
839 1831 1032 1892 concionator
1050 1829 1083 1892 tui

183 1951 238 1998 rex
258 1937 472 2001 Israelitarum.
521 1933 630 1998 Omnia
659 1935 754 2000 verba
781 1942 854 1998 sunt
873 1934 1043 2014 emphatica
1059 1941 1083 1996 et

96 2029 103 2052 ¹
184 2040 362 2120 magnificat
397 2058 452 2104 rex
479 2059 566 2115 sum,
585 2050 625 2108 ,et
653 2041 753 2106 tamen
782 2041 855 2104 nihii
883 2039 1000 2118 officim
1025 2042 1082 2119 quis

183 2147 262 2209 enim
284 2148 409 2211 resistet
428 2151 507 2228 regi,
537 2145 596 2228 ‘qui
618 2154 667 2213 est
687 2149 821 2212 omnium
843 2147 1006 2211 dominus?
1034 2147 1083 2209 [ie-

183 2247 254 2316 inde
276 2269 335 2317 non
357 2253 626 2334 opprimentes,
651 2273 710 2319 neo
731 2254 869 2333 cuiusvis
892 2254 1010 2333 popuii,
1028 2253 1081 2314 'scd

184 2360 291 2439 populi
312 2359 381 2433 uei,
408 2361 437 2422 in
460 2379 523 2440 quo
545 2363 629 2424 multi
652 2363 773 2425 suerunt
802 2362 901 2424 sancti
937 2361 1004 2433 virt,
1024 2373 1082 2438 pro·
1143 2365 1144 2386 t

185 2465 305 2544 phetae,
326 2466 403 2544 tegis
425 2466 569 2530 doctores
590 2477 647 2530 etc.
688 2469 848 2530 Postremo
869 2483 925 2529 rex
945 2467 976 2528 in
992 2462 1081 2527 Hiero·
1143 2477 1144 2538 3

184 2575 295 2647 satem,
318 2575 388 2637 ioco
404 2573 543 2636 nimirum
565 2581 688 2648 sancto,
716 2587 806 2654 quem
829 2573 919 2650 elegit
939 2573 1034 2644 Deus,
1056 2578 1083 2631 ut
1143 2587 1144 2610 ι

184 2679 338 2742 habitaret
357 2679 408 2743 ibi.
452 2679 486 2742 Si
512 2695 567 2743 rex
595 2688 658 2743 tam
685 2689 810 2760 potens,
841 2657 932 2762 tiber)
964 2677 1081 2756 sapiens,

183 2788 290 2868 popuii
322 2785 525 2859 sanctissimi,
557 2786 586 2848 in
619 2787 742 2849 civitate
762 2785 975 2859 sanctissima,
1006 2801 1081 2863 prac-

185 2900 274 2957 scnte
294 2893 360 2956 Deo
381 2899 412 2954 et
433 2894 602 2968 verboDei,
624 2901 724 2956 tamen
746 2909 806 2956 non
828 2895 932 2971 potest
952 2890 1080 2971 perficere

183 3000 274 3087 bonax
288 2998 416 3062 consitis
434 3015 492 3063 sua
507 2992 544 3064 *et
564 3008 680 3075 sancte,
702 2999 776 3080 quid
798 2999 836 3061 de
849 2998 917 3061 aliis
940 2997 1080 3061 dicemus?

185 3165 230 3230 Et
258 3165 461 3251 constitui
493 3166 528 3228 in
565 3168 691 3236 animo
727 3134 808 3229 meo
844 3180 1023 3246 quaerere
1052 3171 1081 3224 ct

183 3272 437 3352 investigare
458 3272 677 3352 sapienter.
695 3271 971 3346 d.e·‚,omnibus‚
987 3284 1080 3350 ¹quac

483 3377 789 3457 stuntsubsote.
832 3420 834 3431 ·

264 3504 448 3569 Manendum
477 3508 585 3572 iterum
618 3510 649 3573 in
679 3509 823 3574 themate.
869 3507 936 3572 Non
965 3505 1080 3586 toqmtu

255 3775 290 3844 Ιι)
307 3775 433 3848 Proponit
450 3781 680 3836 considerandum.

218 3955 225 3974 ἱ
257 3871 306 3940 20)
324 3871 402 3941 „crt“
421 3870 505 3979 dccet.
