2484 4320
105 199 116 284 ⁸·
188 203 277 328 llo
467 213 846 338 foqu‘sqpunou
924 261 927 268 ’

150 395 319 511 ¹„eelebr'ut
350 431 474 498 ·P'uulus
502 432 532 498 2.
564 433 631 500 Gor.
650 433 672 498 2
693 437 758 514 e)‚.
778 436 906 510 Bonus,
942 419 1102 518 inquiens,-

128 535 135 542 '
177 537 296 624 ¹(llrristi
318 539 395 602 odor
424 555 531 604 sumus
559 539 631 604 ele,
650 541 726 620 lluil
751 544 833 615 ellim
854 543 980 606 Pollius·
997 543 1119 610 bonus

8 639 12 648 ⁴
110 662 116 687 ·
168 644 291 712 nector
310 652 342 710 et
362 647 554 724 praedicator
574 648 728 734 sirenus,
757 661 795 712 uo
829 637 907 733 ipsu
927 654 1098 712 converse

91 811 93 816 Α
181 750 263 816 tione
284 751 467 830 inculpatus

134 847 135 858 ’
262 857 318 922 Est
338 875 434 937 ergo
430 861 585 924 sententio
604 859 698 936 huius
719 859 794 924 looi:
833 859 903 924 Noli
923 860 971 922 iro
989 861 1101 941 irrupi,

119 1027 122 1033 .
180 965 260 1030 sieut
281 982 385 1032 eorum
405 967 471 1029 lleo
492 966 583 1030 (locui
604 973 633 1029 te
655 966 811 1040 innurem,
839 968 887 1030 sie
913 979 1016 1034 eorum
1036 966 1100 1030 ho-

108 1089 129 1114 »·
179 1069 313 1136 minibus
334 1071 432 1136 doceo
460 1078 491 1134 te
521 1073 798 1150 perseverantium.
816 1079 847 1135 et
877 1073 961 1137 bono
991 1089 1099 1151 opera.

179 1178 258 1256 Quid
278 1179 359 1242 euim
379 1178 407 1242 si
428 1177 554 1256 quidum
576 1176 766 1252 offenduntur
792 1186 822 1241 et
849 1179 1006 1245 invideant
1033 1179 1098 1244 luis

176 1285 356 1374 lenonibus?
373 1290 492 1362 tentum
514 1284 662 1364 perdura,
689 1292 721 1350 el
739 1278 864 1348 divinus
893 1284 984 1357 odor,
1012 1285 1098 1348 boun

177 1391 273 1464 latua,
301 1407 394 1470 quam
415 1390 486 1452 iude
508 1391 723 1470 consequeris,
756 1389 868 1454 alliciet
896 1391 1015 1469 plures,
1037 1391 1096 1470 qul

44 1491 54 1510 ‘
177 1503 209 1560 et
228 1498 290 1576 ipsi
309 1497 575 1592 'eonserqelruntur
594 1499 625 1558 iu
647 1511 749 1576 opere.

178 1649 181 1656 ’
218 1663 359 1727 Melior
379 1671 440 1728 est
460 1663 545 1726 dies
566 1663 703 1764 mortis
725 1663 789 1728 die
809 1663 1050 1752 nativitatis.
1110 1717 1113 1730 .

260 1813 359 1882 Elium
379 1818 447 1883 hoo
462 1819 570 1898 opinor
597 1818 828 1897 proverbialiter
853 1818 921 1881 diei.
948 1819 1097 1883 Videtur

177 1933 279 1990 eutem
296 1923 451 2020 gentiliter
471 1931 502 1988 et
515 1925 675 1988 carnaliter
690 1941 816 1998 sonare,
836 1925 991 2003 praeferre
1011 1939 1095 1986 uuor·

179 2039 238 2096 tem
260 2027 348 2096 vitae.
377 2031 525 2110 Loquitur
546 2036 648 2093 nutem
669 2048 729 2094 non
743 2031 922 2109 simpliciter
941 2030 981 2093 de
994 2037 1095 2094 morte

163 2131 208 2201 'et
228 2139 308 2212 vite,
346 2138 403 2200 sed
429 2138 469 2199 de
496 2137 591 2199 rebus
620 2137 760 2214 gerendis
788 2143 820 2200 et
839 2137 936 2216 gestis
957 2137 1094 2199 etiamn

176 2243 423 2324 prudentissimis
445 2242 527 2306 viris.
571 2243 619 2304 Du
645 2243 720 2304 mihi
741 2244 838 2307 virum
860 2241 1018 2324 politicum
1038 2244 1093 2306 vel

74 2369 79 2376 ’
123 2351 126 2360 ’
176 2345 423 2424 oeconomicum,
445 2349 498 2428 qui
518 2329 660 2412 versetur
679 2351 710 2412 in
733 2350 841 2424 robur,
870 2357 914 2412 et-
928 2351 1010 2413 dicul
1030 2350 1091 2422 ille,

175 2473 215 2518 nn
235 2473 297 2520 non
318 2457 420 2534 magis
440 2435 581 2532 eligenda
601 2473 685 2520 mors
707 2457 762 2528 sit,
783 2473 878 2535 quum
899 2456 930 2519 in
950 2456 1091 2548 totperi-

175 2563 253 2627 nulls
273 2559 305 2625 el
331 2561 489 2626 laboribus
519 2563 632 2626 vivere.
676 2561 840 2641 Comparat
867 2579 941 2641 ergo
963 2563 1090 2644 Solomo

174 2669 256 2738 hene
271 2669 367 2731 vitam
382 2669 527 2750 sibiipsi,
548 2688 609 2734 non
630 2672 759 2743 futurae,
779 2677 810 2732 et
831 2671 895 2744 vull
908 2669 1026 2732 dioere:
1056 2667 1092 2735 Si

99 2809 100 2816 ι
175 2775 345 2855 spectando
365 2783 414 2840 est
435 2779 498 2843 vita
518 2775 667 2850 humano
688 2763 760 2843 'turn
790 2782 871 2840 nerle
897 2790 1003 2838 verum
1031 2769 1092 2848 est

62 2965 64 2979 Ι
173 2889 332 2960 praestare
364 2881 444 2946 diem
475 2883 582 2947 mortis
607 2883 657 2945 die
691 2882 866 2982 nativitutis.
908 2881 988 2964 Quid
1005 2881 1091 2944 enim

172 2993 277 3068 potest
297 2986 437 3052 occidere
458 2989 563 3068 pejus,
585 3005 678 3070 quern
699 3005 772 3062 eos,
779 2972 854 3067 ‘qui
878 2995 1037 3051 versantur
1058 2989 1090 3050 iu
1135 3051 1145 3072 s

170 3092 279 3165 rebus,
308 3099 400 3158 etex
421 3091 523 3158 auimo
544 3079 716 3158 eonsulturu
737 3075 863 3174 eupiunt
889 3095 1090 3172 reipublicae,

170 3203 202 3262 et
222 3206 347 3276 propter
367 3200 457 3262 illem
471 3201 574 3264 onrniu
593 3209 688 3280 agunt
722 3208 753 3264 et
778 3203 947 3280 peliuntur,
976 3197 1090 3278 postea

86 3286 112 3374 '1
171 3303 245 3366 nihil
276 3305 334 3371 nisi
374 3323 524 3370 summurn
562 3308 821 3386 ingratitudinem,
871 3315 1090 3426 conternpluru,

53 3413 64 3478 ',
172 3411 413 3490 dampnosius
440 3412 623 3493 reportare?

41 3552 44 3566 ›
163 3581 168 3587 ,
254 3508 315 3580 Sic
327 3524 429 3582 textus
450 3520 629 3600 simpliciter
658 3529 707 3586 est
739 3520 949 3598 intelligendus
977 3526 1018 3584 ut
1034 3537 1091 3584 so-

170 3632 237 3701 net,
260 3622 343 3702 quod
365 3625 509 3705 loquatur
528 3615 591 3691 irou
608 3627 649 3690 de
669 3627 815 3706 operibus
833 3627 954 3704 diuinis.
976 3634 1008 3692 et
1024 3627 1096 3700 vitu*

170 3789 373 3813 m

147 3841 445 3952 “cucone
