2308 4316
308 251 495 314 nauatam
515 250 688 314 suenonis.
821 300 823 304 -
909 247 949 318 51
970 350 973 356 Ι

92 485 96 508 ,
122 432 195 496 Dicit
216 437 305 510 argo:
341 431 438 494 Vides
459 430 561 499 stultis
580 440 644 496 tam
665 432 833 496 succedere
855 447 951 512 quara

54 539 239 619 sapientibus,
269 545 303 600 ut
322 555 383 600 non
405 547 553 617 appareat
575 541 670 602 ulium
691 538 854 604 discrimen
874 539 951 602 iuter

53 647 203 724 sapientem
223 652 255 707 et
275 645 482 718 temerarium,
513 647 596 723 quod
617 645 656 708 ati
678 661 862 710 suceeeeunr
882 645 951 708 atti·

52 761 99 824 net,
118 750 175 813 imo
190 743 232 812 nt
254 759 419 830 appareat,
440 767 500 814 non
522 768 594 814 esse
616 750 721 825 Deum,
742 751 795 830 qui
814 750 867 814 ras
887 757 950 823 tam

51 869 146 920 temere
172 857 237 934 geri
265 859 354 920 sinat
396 855 459 918 Sed
487 857 653 934 respondet
681 857 841 920 Salomon:
874 857 951 932 Nan,
1058 901 1061 920 .

51 965 94 1026 sed
114 962 243 1026 aramme
263 962 385 1025 excellit
405 961 557 1039 sapientia
577 962 747 1037 stultitiam,
773 979 881 1027 verunt
901 969 950 1025 est

50 1068 154 1148 quidem
180 1068 365 1148 sapientiam
386 1065 552 1130 humanam
573 1085 633 1132 non
655 1068 775 1132 efficere
795 1057 876 1142 res,'
891 1068 949 1162 sed

47 1176 114 1236 Deus
134 1174 203 1252 ipse
224 1171 325 1237 etlleit.
368 1173 451 1236 Deus
474 1175 599 1254 quidem
624 1182 728 1254 potest
748 1173 867 1246 efficere
889 1190 949 1238 sua

47 1279 182 1360 sapientia
205 1295 287 1360 quae
314 1279 393 1353 vult,
425 1279 481 1344 sed
509 1279 603 1344 honre
624 1297 685 1344 non
706 1279 806 1344 aillait
849 1281 949 1342 Habet

47 1387 110 1449 enin
129 1386 213 1450 iletre
237 1404 301 1467 ‘non
330 1388 437 1450 solum·
460 1386 658 1464 sapientiam,
685 1388 743 1450 sed
772 1386 864 1450 etiarn
884 1385 946 1448 vim

45 1492 186 1566 ettetenut,
207 1500 244 1556 ut
259 1509 306 1565 aa,
325 1508 407 1572 quae
421 1485 554 1566 dictavit,
576 1491 753 1567 succedant,
773 1491 835 1556 hae
852 1491 948 1554 hamo

44 1617 92 1661 mn
117 1605 231 1678 potest.
281 1599 433 1662 Breviter:
467 1598 523 1662 Dei
551 1599 711 1662 eonsilium
740 1615 801 1662 non
828 1599 948 1672 tatttttrr,
1045 1604 1050 1616 ‘

44 1705 88 1768 sed
123 1704 284 1787 Munera
322 1707 390 1770 sive
421 1704 597 1786 sapientum
630 1705 759 1770 eonstta
796 1703 946 1770 tattuutur.

43 1812 121 1873 Reate
140 1825 217 1890 ergo
239 1811 326 1874 dirim

42 1977 188 2054 Etvidi,
217 1975 553 2058 quodsapientia
581 1977 641 2040 sie
669 1973 833 2041 excellit
853 1944 945 2038 stul·

223 2083 363 2198 titiana,
396 2088 436 2144 ut
463 2083 529 2145 lux
557 2081 758 2148 tenebras.

108 2233 164 2298 Est
186 2234 311 2314 quidem
331 2234 415 2297 bona
434 2233 594 2314 sapientia
616 2235 673 2298 md
694 2242 796 2298 tamen
811 2226 868 2310 θ’)
891 2229 945 2294 ala·

40 2347 99 2402 sunt
112 2341 205 2417 vires,
226 2357 288 2404 nau
305 2347 408 2420 potest
428 2339 549 2404 sincere
564 2356 616 2408 res
632 2347 663 2402 et
683 2355 790 2418 regere
807 2345 944 2402 eventus.

1 2583 2 2586 Ἴ
40 2504 199 2584 Sapiens
227 2505 352 2570 habet
377 2507 584 2570 pantasia
605 2505 752 2588 capite,
779 2513 817 2568 at
844 2502 945 2568 stui-

414 2620 477 2674 tns
500 2619 556 2675 eta.

108 2761 209 2827 Video
239 2759 378 2843 q'uidem,
416 2763 500 2842 quod
532 2762 613 2826 idem
645 2753 765 2828 aecidat
797 2761 943 2844 utrisque.

37 2868 182 2947 sapientia
208 2869 299 2942 narrt,
314 2862 366 2946 ³³)
403 2848 631 2942 ertemarius,
668 2868 863 2933 nannonanus
892 2885 943 2933 sa-

38 2976 141 3050 pientia
158 2975 279 3038 excellit
292 2971 458 3056 stultitiam.
487 2971 602 3036 Oculos
616 2971 733 3038 habere
745 2973 774 3036 in
791 2976 944 3054 raptres),
962 2973 966 2984 ’

37 3079 221 3144 hebraismus
243 3089 304 3154 est,
332 3095 423 3158 quem
445 3093 503 3141 nos
525 3079 698 3154 germanice
726 3087 756 3142 et
783 3082 875 3158 vulgo
897 3080 943 3144 sie

37 3187 240 3265 exprimimus:
273 3181 347 3252 {let
368 3181 425 3266 atti
441 3182 504 3250 bem
526 3177 636 3262 &meda
658 3181 722 3250 mill
741 3181 867 3265 initiet,
893 3183 943 3254 bat

36 3287 83 3370 tall
102 3291 144 3358 tia
166 3290 271 3375 llupan
292 3288 367 3372 altit
390 3291 422 3356 tn
441 3283 554 3354 ffiautat
569 3287 684 3370 ledan,
704 3307 766 3369 quo
789 3291 943 3368 signitica-

36 3412 209 3478 muskeum
232 3415 293 3461 non
316 3395 408 3460 modo
430 3403 571 3478 oportere
591 3393 658 3471 ejus
687 3395 749 3458 ludi
775 3412 847 3458 esse
869 3414 943 3476 gna·

34 3517 105 3576 rum,
126 3505 180 3568 sed
204 3505 297 3566 etiam
317 3501 439 3584 vigilem
461 3510 491 3566 et
512 3500 684 3582 diligentem
705 3503 847 3568 lusorem.
890 3503 943 3566 Sia

53 3797 58 3810 ,
101 3749 131 3818 a)
152 3749 252 3804 Oculos
269 3748 368 3803 hebere
386 3750 414 3802 in
432 3749 527 3817 eapite.

101 3843 147 3916 aa)
167 3847 186 3912 a
205 3845 278 3916 qaae
332 3841 384 3912 aa)
405 3837 639 3911 enarratam),
689 3907 729 3974 4*
