2406 4322
206 353 212 360 ὴ
361 253 797 370 Εεειοιιεειεεθειοωοιιὶιιμ
943 256 1007 332 ²⁶⁵
1088 363 1091 375 Ι
1171 331 1174 338 ·

31 521 35 528 .
90 454 292 534 Respondeo:
323 459 363 518 Αι
381 455 464 518 viros
484 453 640 534 naturales
661 457 733 514 sunt
753 461 880 528 semper
896 449 927 514 iu
950 449 1007 512 ab.

90 580 167 636 usu,
196 563 268 640 quia
295 561 428 624 sauciae.
473 560 528 624 Est
559 559 637 626 enim
659 559 741 622 bonu
767 563 920 629 creatura,
948 554 1007 660 sed

91 666 256 741 infirmate,
283 683 340 754 uec
368 669 430 745 agit
451 667 625 746 separatim
654 683 673 727 a
701 663 767 728 suis
788 663 920 736 morbis,
951 661 1008 724 sed
1058 727 1076 756 ,Α

89 775 202 838 inlecta
223 775 332 838 morbo
359 775 436 852 agit:
471 774 541 839 ideo
561 789 623 836 nou
650 777 752 850 potest
781 785 873 850 ogero
893 767 952 832 uisi
974 774 1008 832 ut

88 865 218 955 infirma,
240 881 358 946 etiamsi
380 882 420 944 sit
440 881 536 953 hona,
565 879 644 942 sicut
670 876 788 942 securis
810 891 936 940 corroso
957 880 1006 938 eat

88 988 220 1062 terrum,
242 989 297 1052 sad
319 1000 380 1050 non
402 987 464 1064 agit
484 987 543 1050 uisi
569 993 603 1048 ut
623 999 764 1057 corrosa,
784 981 1025 1070 quantumlibet*

61 1093 132 1156 sit
152 1096 275 1158 leucum.
1077 1097 1084 1104 ·

173 1234 504 1308 vicesimosecundo,
532 1250 587 1296 cur
614 1249 688 1311 ergo
715 1230 912 1295 concedimus
933 1245 1006 1292 cou-

87 1339 312 1420 cupiscentiam
332 1339 558 1411 invincibilem?
579 1339 660 1402 l'ac
681 1339 766 1419 quod
785 1344 833 1402 cst
853 1337 884 1399 iu
904 1345 948 1409 ιε,
978 1343 1008 1397 ει
1117 1348 1123 1360 ·

85 1463 152 1508 non
175 1447 369 1524 concupisce.
409 1450 449 1510 At
476 1465 536 1510 non
564 1454 661 1526 potes.
680 1438 683 1444 ’
705 1445 804 1521 Quare
831 1459 887 1506 nec
907 1445 1023 1524 legem
1096 1453 1098 1459 “
1132 1455 1134 1466 ·

89 1553 268 1615 naturaliter
287 1553 405 1630 impios.
449 1552 564 1628 Quodsi
585 1551 666 1615 hano
686 1568 747 1614 nou
768 1551 887 1629 imples
912 1538 1007 1611 multo

86 1659 192 1720 minus
225 1659 305 1720 illam
333 1659 513 1724 dilectionis.
555 1659 649 1732 ltem,*
672 1659 721 1720 iac
743 1657 826 1738 quod
845 1661 896 1752 est
916 1655 946 1717 in
967 1662 1006 1727 te,
1090 1729 1095 1743 .

51 1837 56 1842 g
85 1771 119 1828 ot
142 1782 203 1828 non
225 1765 357 1828 irascere
379 1743 556 1829 offendenti.-
593 1766 655 1828 Fac
675 1761 758 1844 quod
781 1769 828 1826 est
850 1764 880 1824 in
902 1768 946 1833 ιε,
976 1766 1006 1824 ει

86 1888 152 1940 non
174 1873 246 1934 time
266 1873 442 1958 periculum.

172 2015 327 2077 vicesimo
358 2013 462 2088 tertio,
496 2013 544 2076 lac
569 2012 654 2093 quod
683 2019 732 2076 est
759 2014 789 2075 in
816 2017 859 2085 tc,
887 2017 919 2082 et
945 2025 1005 2071 noo

85 2117 220 2183 horreas
242 2128 380 2182 mortem.
422 2121 561 2197 Quaeso:
583 2120 655 2198 quis
676 2117 831 2181 hominum
853 2133 913 2180 non
934 2114 1008 2178 hor·

85 2232 149 2299 ret,
178 2241 239 2288 uon
260 2225 366 2288 diffidit
392 2227 421 2288 io
452 2230 567 2289 mouet
609 2227 683 2302 Quis
711 2224 792 2286 hanc
818 2239 879 2285 non
908 2223 1004 2299 iugiti

87 2335 232 2394 Attamen
257 2347 298 2394 ox
319 2348 381 2411 quo
403 2331 486 2394 Deus
508 2348 576 2394 cum
599 2334 663 2394 vult
680 2347 740 2394 nos
763 2329 880 2403 subire,
908 2313 1004 2392 mani-

87 2439 298 2511 factumest,
330 2437 414 2516 quod
442 2439 615 2500 naturaliter
645 2438 715 2523 plus
744 2443 892 2500 nostram.
911 2453 1004 2516 quam
1036 2429 1047 2450 ⁸
1156 2425 1160 2434 “

86 2545 146 2630 Dei
173 2543 360 2607 voluntalem
388 2543 549 2621 diligimus.
603 2543 637 2605 Si
666 2542 755 2605 enim·
775 2545 845 2621 plus
866 2541 922 2604 Dei
949 2558 1005 2604 vo·

85 2651 236 2712 iuniorem
257 2649 465 2725 diligeremus,
488 2666 558 2711 cum
579 2650 691 2728 gaudio
714 2656 841 2714 mortem
863 2629 1004 2738 suscipa-

86 2771 202 2828 remus,
215 2755 276 2818 imo
290 2755 406 2818 luorum
424 2763 609 2834 putaremus,
622 2757 702 2818 sicut
715 2764 868 2834 putamus,
880 2754 1005 2836 quaudo

88 2868 196 2924 nostra
222 2861 257 2923 lit
283 2862 451 2923 voluntas
474 2859 554 2939 Ergo
579 2861 724 2941 figmenta
744 2868 830 2937 suot,
857 2878 938 2941 quac
959 2864 1005 2924 lo·
1061 2945 1064 2952 y

90 2969 221 3046 quimur.
263 2967 359 3030 Deum
380 2968 472 3045 louge
495 2968 571 3029 inira
590 2984 626 3030 se
647 2967 751 3045 diligit
773 2969 834 3031 imo
853 2968 931 3040 odit.
952 2965 1004 3047 qui

15 3063 19 3070 ‘
87 3069 217 3135 moriem
242 3071 290 3153 (id
312 3079 374 3145 εει,
404 3074 590 3136 voluntatem
610 3069 686 3153 θεῖ)
707 3073 771 3137 odit
792 3092 849 3138 sou
869 3091 931 3137 non
951 3074 1006 3136 de·

75 3173 163 3256 ¹ligit.
206 3180 246 3240 At
274 3177 392 3242 omues'
410 3195 517 3242 sumus
539 3182 624 3242 tales.
668 3181 725 3244 Ubi
738 3196 828 3244 nunc
849 3188 898 3245 est
919 3197 1005 3242 amor

88 3286 145 3348 Dei
160 3300 262 3363 *super
282 3285 404 3347 comici
444 3283 525 3347 Ecce
546 3302 607 3349 non
638 3301 732 3366 super
752 3289 846 3350 vitam
868 3294 1003 3352 nostrum

87 3399 119 3456 ct
160 3393 346 3455 voluntatem
389 3399 525 3454 nostram
564 3393 661 3455 Deum
700 3393 863 3472 diligimus.
925 3394 1002 3470 Quid
1120 3409 1138 3432 ⁸
1189 3402 1200 3428 ι

88 3499 181 3562 ctiam
202 3499 242 3560 de
262 3497 377 3562 iuierno
399 3497 520 3562 dicum?
563 3499 636 3576 Quis
658 3498 740 3564 huno
759 3518 820 3563 non
843 3483 942 3564 odili

166 3637 327 3702 ‘vicesimo
356 3646 480 3720 quarto,
519 3623 595 3720 ipsa
622 3641 716 3704 oratio
751 3642 902 3706 dominica
931 3646 1002 3710 sole

88 3746 178 3810 testis
207 3744 328 3833 abunde
355 3754 416 3820 est,
453 3746 539 3826 quod
574 3747 645 3843 moli
674 3765 780 3812 sumus
809 3751 938 3829 operarii
971 3753 1001 3834 iu

90 3852 173 3916 omni
194 3852 265 3914 vitu.
306 3851 399 3931 Finge
420 3853 499 3946 enim
512 3869 604 3962 feum,
625 3854 679 3935 qui
700 3855 778 3932 iacit,
799 3857 883 3936 quod
904 3863 953 3924 est
972 3859 1002 3922 iu

786 4043 1013 4208 ’.ζ’
