2406 4322
364 283 549 351 Ecdeflittflita
568 282 739 356 Salomonis.
946 270 1010 341 205
1052 333 1054 337 ¹
1087 281 1090 292 ·
1118 287 1124 298 ·
1181 289 1185 304 -

184 468 289 548 Neque
318 469 417 532 solurn
444 468 490 531 sie
510 465 604 530 habet
624 465 659 526 in·
675 461 924 547 rebuspietntis‚
953 457 1011 522 sed

106 577 133 636 in
155 575 258 651 politia
287 591 419 652 quoque.
462 575 493 634 ln
521 573 615 636 rebus
643 567 747 631 mundi
776 567 822 628 sie
845 567 958 643 agitur,
985 564 1013 628 si

103 681 254 757 sapienter
287 679 449 751 eonsules,
479 677 562 742 nihii
594 677 707 752 efficies
740 689 838 752 neque
871 671 1014 746 audieris,

105 786 162 848 nisi
184 786 267 863 apud
290 786 507 864 pennense),
528 785 581 864 qui
603 789 674 846 sunt
695 781 810 844 sedatis
832 779 955 852 animis,
985 787 1015 840 et

101 909 161 952 non
184 889 316 954 studiosi
336 889 475 969 partium.
518 890 623 954 Sedati
647 887 730 951 enin
748 887 839 948 animi
860 893 891 947 et
910 883 962 964 qui
985 885 1015 947 in
1120 869 1123 884 ”

104 998 206 1074 quiete
224 1003 303 1070 sunt,
325 997 364 1056 itii
384 1013 455 1058 vere
473 995 616 1072 iudicant.
638 991 720 1072 quod
742 991 1015 1070 elemorprineipis
1069 1005 1076 1016 ’

101 1103 212 1171 stultus
246 1103 294 1164 sit.
336 1101 583 1179 Exspectandum
613 1117 686 1178 ergo
719 1085 781 1172 est',
814 1099 886 1160 dum
915 1097 1014 1160 sedati

100 1214 172 1270 sunt
200 1208 355 1281 ndieotus,
381 1215 453 1268 tum
481 1208 558 1270 enim
590 1206 783 1286 nudietr),
791 1205 870 1267 sieut
896 1199 1020 1282 portur?

98 1313 171 1374 bata
193 1323 284 1390 aqua
313 1331 371 1374 non
401 1321 449 1374 est
477 1313 655 1392 perspicua,
687 1313 747 1375 sed
775 1311 802 1373 si
835 1311 884 1374 vis
912 1311 1016 1373 videre

98 1419 244 1490 tondum,
276 1425 408 1496 oportet
431 1435 513 1497 nqoa
539 1420 680 1482 resideat.
738 1419 790 1480 Sia
821 1433 927 1480 ornnes
962 1417 1015 1496 qui
1120 1443 1124 1449 ’

99 1526 297 1602 conceperint
323 1524 465 1602 aliquid
458 1541 487 1586 nn
509 1525 670 1614 animos
655 1532 726 1586 suot
745 1521 1017 1602 inpersuasibiles,
1097 1592 1099 1602 ,

98 1631 157 1692 nisi
181 1629 329 1692 resederit
348 1632 398 1690 itia
415 1607 585 1714 conceptio,
606 1648 669 1710 qua
690 1631 828 1692 tenentur·
847 1629 928 1708 eapti
950 1637 1016 1691 tan-

99 1753 195 1814 quarn
218 1725 344 1798 fascino.
387 1735 452 1797 Hoc
480 1738 551 1800 aiibi
579 1739 624 1800 sio
645 1736 734 1797 dixit:
766 1735 874 1798 Melius
895 1743 943 1798 est
964 1752 1017 1799 oe-

98 1857 321 1914 currereurso,
346 1843 536 1904 velletranae
556 1843 653 1922 raptis
675 1841 792 1915 catulis,
814 1858 906 1921 quam
924 1839 1016 1904 stulto

97 1947 294 2010 confidenti'
287 1963 317 2008 rn
340 1963 398 2009 suo
420 1949 552 2010 stultitia.

97 2111 244 2174 Melior
271 2120 331 2174 est
361 2114 563 2192 sapientia
590 2131 702 2193 quem
730 2129 835 2176 arma
857 2114 1015 2188 beilioa,

96 2225 134 2278 et
185 2225 690 2296 tamen-peoootor'unus
742 2220 872 2298 perdit
914 2223 1015 2283 bona
1087 2287 1089 2296 ,
1171 2207 1172 2214 ¹

492 2327 622 2389 muita.

182 2479 268 2542 Hanc
306 2478 484 2543 sententiani
516 2482 656 2565 probavit
683 2481 824 2556 exemplo
855 2479 1015 2558 superiori.

96 2571 136 2648 Et
168 2586 260 2650 hodie
292 2603 398 2649 omnes
430 2587 459 2648 in
490 2587 578 2649 bellis
618 2587 729 2648 versati
763 2586 843 2648 idern
879 2585 1043 2678 probant·

96 2686 179 2754 Nihil
207 2693 320 2756 scilieet
348 2705 420 2755 asse
450 2710 534 2756 arma
564 2691 672 2753 bellica
700 2693 766 2754 sine
800 2692 958 2771 prudentia
986 2701 1018 2754 et

98 2799 247 2870 oonsilio,
284 2807 314 2859 et
341 2797 519 2876 sapientiam
550 2801 619 2876 pius
649 2795 769 2860 efficere
797 2807 835 2886 et!
854 2800 955 2861 valere
986 2799 1040 2860 in'
1068 2865 1078 2876 ,

100 2901 183 2965 belio
206 2919 297 2982 qnam
320 2903 454 2984 viressi.
498 2903 574 2966 Sunt
595 2904 675 2992 enim
696 2903 793 2978 multi,
816 2901 890 2966 varii
912 2911 942 2967 et
959 2901 1017 2967 sti·

99 3004 158 3070 biti
175 3026 277 3082 casus,
301 3008 428 3072 insidiae
449 3019 513 3082 ete,
535 3011 648 3089 quibus
670 3011 727 3071 nisi
750 3012 850 3074 statim
874 3027 1016 3074 occurra-

43 3181 50 3192 ‚
100 3123 149 3176 tur
171 3117 323 3206 praesenti
356 3115 497 3189 consino,
525 3123 624 3178 aetum
646 3125 693 3179 est
718 3113 756 3178 de
779 3115 965 3178 multitudine
986 3123 1017 3180 et

101 3221 205 3298 armis.
249 3221 299 3284 Sic
321 3221 488 3298 nonanto
519 3223 683 3316 gloriantur
710 3239 745 3282 se
767 3222 881 3288 risisse
902 3223 1016 3297 orbem,

103 3343 163 3388 non
188 3327 312 3398 viribus,
335 3330 391 3392 sed
413 3328 573 3406 snpientia.
616 3329 771 3406 Sapientia
796 3325 898 3405 itoqt're
919 3325 1016 3391 donii-

101 3441 190 3508 nntur
201 3433 322 3510 quidem
339 3434 368 3495 in
386 3433 460 3498 orbe
474 3442 627 3506 terrarum,
639 3435 694 3496 sed
711 3445 875 3524 tamennon
887 3436 1014 3499 auditur.

102 3590 301 3607 w

61 3739 67 3764 Ι
173 3681 375 3760 (filiastrum.¹
424 3680 451 3751 r)
472 3682 631 3738 Similitudo
668 3684 695 3752 ε)
715 3685 849 3752 Sapientia
864 3683 937 3754 plur
944 3681 1017 3740 vaiet

103 3780 129 3830 io
149 3777 222 3830 bello
248 3793 325 3846 qnam
350 3778 431 3830 vireo.
470 3777 552 3832 15³0:
583 3779 675 3848 Arma,
701 3777 770 3832 betta
786 3779 850 3848 ᾡο
857 3778 1013 3880 prudqniip,

103 3871 129 3944 t)
147 3871 268 3928 Romani.
703 3907 708 3928 .
850 3914 853 3923 .
877 3891 939 3944 ..aa
