2406 4322
210 251 270 323 iffi
294 293 296 300 >
532 260 623 340 caput
644 271 773 324 octavum
990 329 995 348 ¹

128 537 130 543 Ι
204 439 340 512 dientes,
359 446 391 503 et
410 441 494 518 quod
516 457 606 504 nemo
626 415 730 520 noscit
748 439 882 508 evadere
902 441 983 506 illam
1004 440 1116 508 boram.

202 543 283 623 Ergo
304 545 389 638 timet
408 546 520 620 Deum,
542 554 574 610 et
596 545 670 610 nibil
691 547 761 652 muli
784 554 936 626 operatur.
972 617 976 624 ,

59 799 62 809 ,
202 734 300 810 Quia
327 723 632 799 delinitumest
665 751 773 800 suum
805 735 948 817 cuique
979 753 1117 816 propo·

174 839 283 902 'sito
316 849 474 920 tempus
506 847 545 904 et
578 858 686 906 suum
721 839 950 917 iudicium
979 841 1115 919 ingens

196 951 262 1007 est
283 943 430 1008 homini
456 942 532 1027 l¹⁰)
565 947 791 1021 *calamites
824 949 917 1026 quia
941 947 1031 1027 ipse
1050 965 1116 1018 na·

199 1045 282 1113 sc‘it
299 1051 398 1130 ‘quid
421 1053 493 1125 sit,
520 1053 625 1132 quod
646 1058 722 1126 est,
744 1061 780 1116 et
799 1051 873 1116 hoc
893 1053 1000 1134 quod
1021 1054 1115 1119 lutu-

342 1174 422 1221 rum
444 1165 519 1234 est,
541 1160 631 1240 quis
653 1159 908 1228 annunciabit
928 1161 988 1223 eil

283 1309 483 1397 Comminatio
506 1319 554 1374 est
574 1312 614 1374 od
646 1311 857 1375 inobedientes
878 1328 899 1374 a
919 1311 1116 1391 sequentibus

198 1417 325 1496 poenis,
348 1397 438 1496 qu'asi
460 1417 561 1480 dicat:
604 1417 739 1482 Consule
774 1425 808 1481 ut
835 1417 1013 1484 obedientes
1044 1417 1116 1490 sitis,

197 1530 229 1585 et
250 1511 363 1586 subditi
385 1521 631 1602 magistratibus,
664 1525 693 1587 ai
726 1525 797 1604 quis
829 1541 903 1587 vero
924 1540 986 1587 uon
1016 1521 1116 1587 obedit

136 1685 141 1700 ,
196 1644 298 1708 neque
320 1628 411 1692 subdi
433 1631 498 1694 vult
520 1630 726 1707 magistratui,
747 1631 775 1693 is
797 1641 873 1692 sane
894 1637 958 1708 eal,
980 1629 1039 1694 sed
1058 1629 1115 1693 hoc

80 1757 85 1766 ¹
195 1733 271 1796 lucri
293 1718 363 1796 inde
384 1732 524 1810 habebit,
557 1721 640 1815 quod
663 1737 766 1799 multis
788 1715 876 1800 malis
904 1753 941 1799 se
968 1735 1115 1799 immiscet

195 1845 226 1900 et
248 1841 360 1904 multas
382 1839 562 1904 afflictiones
585 1851 615 1904 et
636 1816 825 1906 calamitates
848 1843 989 1906 incurret.
1024 1843 1114 1904 Pavet

186 1923 234 2008 ¹ad
266 1962 387 2009 omnem
419 1945 542 2022 horam,
578 1964 678 2028 neque
710 1955 812 2011 tamen
844 1947 962 2011 evadet„
1005 1947 1110 2012 Melius

72 2129 77 2142 ι
192 2050 284 2129 igitur
305 2052 407 2116 lacere
429 2069 490 2117 non
513 2061 628 2133 potest,
656 2049 749 2134 quum
773 2054 950 2133 simpliciter
965 2053 1111 2118 obedire.

105 2209 109 2216 .
192 2156 271 2233 Quid
301 2158 382 2220 enim
412 2147 538 2238 prodest
565 2177 627 2223 non
662 2161 739 2222 velle
770 2160 911 2233 obedire,
949 2177 1020 2223 cum
1053 2177 1110 2224 non

173 2261 300 2341 ,possis
322 2263 455 2328 evadere
474 2264 641 2342 judicium?
663 2267 743 2329 sicut
762 2266 886 2330 rusticis
908 2265 1030 2330 accidia
1070 2265 1112 2328 lta

192 2369 340 2433 deberent
372 2373 605 2436 concionatores
632 2369 787 2435 exhortari
827 2372 1048 2434 tumultuantes
1083 2379 1113 2434 et

86 2481 94 2496 ⁸
190 2475 370 2540 seditiosos.
412 2473 564 2539 Divinilus
586 2475 665 2538 enim
687 2474 858 2539 ordinatum
879 2483 929 2540 est
949 2493 988 2539 ac
1004 2476 1110 2540 dedui-
1191 2549 1192 2566 1

190 2589 254 2645 tum
273 2581 437 2659 iudicium,
473 2588 504 2643 et
530 2579 604 2642 ultio
639 2595 697 2644 sen
718 2597 820 2660 poena
840 2581 984 2664 omnibus
1004 2582 1111 2646 inobe
1191 2573 1192 2592 ¹

190 2683 360 2762 dientibus,
392 2687 484 2767 quod
508 2699 598 2747 nemo
637 2687 739 2750 evadit
754 2678 796 2766 t),'
850 2687 967 2767 Estque
1004 2689 1110 2765 ingens

189 2794 359 2858 consolatio
389 2792 642 2870 magistratuum,
677 2791 928 2872 patrumfamilias
961 2801 993 2856 et
1023 2811 1111 2884 prac-

191 2907 364 2980 ceptorum,
400 2898 468 2978 qui,
489 2898 542 2960 ubi
563 2898 676 2961 iaciunt
696 2899 780 2979 quod
802 2907 946 2978 possunt,
967 2899 1022 2978 illi
1037 2915 1110 2962 vero
1190 2969 1191 2992 χ

148 3079 152 3095 7
188 3004 351 3084 proelianti
373 3021 411 3068 ao
424 3003 636 3068 inobedientes
651 3013 729 3078 sunt,
753 3005 920 3084 noluntque
942 3004 1053 3084 corrigi
1081 3013 1111 3068 et
1190 2993 1191 3051 l

68 3155 72 3163 .
188 3109 307 3173 illorum
329 3112 439 3175 manus
461 3111 612 3185 evadunt,
633 3125 733 3190 aequo
755 3112 900 3189 bonoque
916 3110 1017 3196 animo
1039 3109 1108 3184 sint,
1135 3187 1139 3194 ι

101 3201 110 3214 “
187 3217 261 3281 certi
281 3216 365 3297 quod
386 3226 488 3280 temen
509 3205 571 3280 non
594 3218 655 3279 siut
675 3213 800 3279 evasuri
821 3229 962 3304 poenam.

328 3381 423 3460 Quis
444 3384 563 3451 multa
583 3381 754 3448 hominis
775 3328 972 3447 adflictio.

268 3535 334 3602 Non
363 3535 536 3603 obedientis
556 3535 634 3620 ¹²¹)
667 3535 784 3602 scilicet
820 3535 866 3602 ori
885 3535 996 3618 regis,
1030 3532 1107 3620 quia

253 3757 480 3842 nunoniuenn
505 3785 593 3842 μου·
606 3770 815 3848 somnust).
911 3793 917 3800 -

43 3940 48 3968 ‚
167 3911 175 3926 .
255 3865 552 3977 aucmentandum.
581 3855 697 3938 silut)
716 3861 937 3964 deutrus····=·
971 3887 1007 3926 ·:
