2406 4322
118 199 121 208 ¹
207 235 270 304 232
434 323 437 334 Α
514 239 604 317 eaput
624 239 823 300 duodecimum

208 414 304 486 virum
330 421 460 492 scilieet,
487 419 539 498 qui
562 426 626 484 toto
647 428 785 500 tempore
812 421 894 482 vitae
922 389 1002 505 laeto
1024 425 1124 492 animo

147 533 177 605 ,¹
208 530 329 600 vixerit,
373 533 404 590 et
435 527 607 604 ingruentia
638 528 719 588 mala
750 541 808 590 seu
845 527 990 590 malitiam
1023 531 1126 592 muudi

16 623 21 630 ’
66 625 68 634 ’
117 665 121 672 ·
208 635 349 709 irriserit,
378 649 459 696 nuuc
485 632 641 710 subjungit
662 631 914 695 exhortationem.
956 634 1051 713 Ergo,
1078 638 1128 698 in-

209 743 283 822 quit,
303 749 336 804 tu
354 723 492 817 juvenis'
508 741 562 819 qui
584 757 619 801 es
641 755 741 800 rerum
757 739 936 817 'imperitus
962 743 991 802 si
1011 742 1059 804 vis
1080 743 1128 803 vi-

130 831 134 842 ’
209 865 282 912 vere
302 850 425 932 taetus„
441 846 619 952 audi‘iquod
640 862 699 922 ego
720 841 897 908 tibt'scnbo
918 853 949 908 et
969 853 999 908 to
1021 848 1129 918 doceo,

207 973 246 1017 ne
276 935 571 1050 nimiuufffflffiitiai
603 951 657 1014 Sic
684 953 773 1026 vive,
802 961 836 1015 ut
864 953 909 1015 sis
939 938 1131 1034 contemptor

208 1061 322 1156 mundi,
336 1024 377 1122 &T
384 1049 502 1122 'vineas
524 1057 605 1120 itlius
626 1056 787 1134 matitiam;
803 1065 839 1128 et
859 1057 911 1120 hic
932 1059 1029 1134 vides,
1054 1061 1129 1140 quid

209 1170 278 1246 ipse
300 1175 389 1229 vocet
411 1172 604 1229 contemnere
624 1163 770 1225 mundum
780 1160 828 1243 f),
857 1181 917 1226 nnn
943 1165 1048 1244 fugere
1070 1184 1131 1229 nos

208 1283 261 1338 aut
274 1273 438 1346 homines,
466 1270 522 1334 sed
545 1270 661 1332 versari
683 1270 714 1330 in
736 1271 863 1344 mundo,
888 1273 921 1332 in
941 1272 1051 1336 mediis
1075 1289 1132 1350 pe-

118 1363 121 1378 ’
208 1381 320 1454 daulis,
343 1380 399 1442 sed
422 1377 484 1449 sic,
506 1386 540 1439 ut
561 1391 722 1438 servemus
744 1393 797 1438 cor
819 1378 956 1455 quietum
978 1395 1016 1440 ac
1036 1395 1132 1456 paca-

209 1493 288 1558 tum,
320 1487 349 1546 in
382 1483 619 1563 quibuscunque
650 1483 742 1544 etiam
777 1482 1025 1548 adversitatibus.
1082 1486 1133 1546 Ait

108 1571 123 1658 ’.
209 1609 298 1670 ergo:
320 1591 353 1653 Si
374 1589 413 1652 ad
434 1589 515 1650 hanc
533 1596 645 1651 metam
668 1590 745 1650 vetis
763 1591 933 1667 pervenire,
953 1599 988 1650 ut
1009 1589 1133 1654 habeas

142 1724 148 1736 =
208 1699 343 1775 quietum
366 1712 419 1759 cor
440 1697 471 1756 in
492 1695 602 1756 mediis
619 1696 716 1767 matis,
737 1696 892 1757 adsuesce
915 1697 1013 1769 malis,
1036 1697 1134 1776 idque

209 1803 394 1880 apueritia;
423 1802 470 1864 sic
497 1801 577 1863 enim
599 1801 797 1878 exspectabis
820 1817 955 1864 securus
977 1805 1135 1881 quaelibet

208 1909 352 1992 pericula
406 1922 408 1932 ·

313 2145 315 2152 y
390 2071 436 2134 Et
456 2073 551 2135 bene
573 2037 722 2135 babeat
744 2089 810 2162 cor
830 2082 946 2140 tuum.

108 2223 114 2232 “
228 2295 231 2300 ,
289 2230 323 2291 ld
345 2235 408 2290 est:
429 2225 570 2290 iucunde
586 2227 694 2289 frueris
708 2221 785 2304 ²³³)
807 2223 960 2306 jucundis,
983 2245 1052 2290 cum
1077 2231 1134 2290 ad-

207 2336 330 2408 fuerint,
364 2335 484 2413 asperis
506 2350 568 2396 non
595 2327 760 2410 frangaris,
789 2349 857 2395 cum
887 2323 1031 2396 venerint.
1078 2335 1133 2397 Sic
1191 2341 1194 2356 ⁴

207 2419 276 2504 erat‘
294 2439 480 2502 instituenda
510 2455 547 2501 ac
567 2438 733 2502 erudienda
754 2425 916 2517 juventae,
943 2447 974 2502 et
994 2441 1052 2503 nisi
1077 2457 1130 2503 se-

207 2555 318 2628 quatur
339 2527 546 2608 adolescentia
567 2539 719 2622 eJusmodi
741 2547 934 2617 monitorem,
968 2543 1040 2608 nihii
1072 2562 1139 2608 un-·

207 2657 301 2732 quam
332 2653 398 2722 viro
425 2650 549 2728 dignum
582 2637 691 2727 agent(
735 2639 845 2714 Fervet
874 2652 954 2714 emm
979 2651 1129 2729 juventus

145 2833 148 2840 ¹
207 2757 376 2822 adfectibus
404 2765 435 2820 et
466 2763 515 2819 est
540 2751 696 2836 imperita,
726 2751 806 2837 qu'ne
834 2759 986 2836 imperitia
1013 2759 1128 2832 obstat,

206 2881 246 2928 ne
266 2863 367 2942 possit
384 2870 494 2940 postea
513 2835 592 2925 Terre
614 2864 663 2926 vei
685 2863 793 2946 cedere
815 2862 946 2926 malitiae
969 2866 1072 2926 mundi
1096 2874 1128 2926 et

206 2968 422 3048 ingratitudini.
475 2967 530 3032 Est
566 2985 639 3047 ergo
670 2953 814 3034 Salomon
851 2955 993 3048 &ptimus'
1019 2971 1128 3033 adole-

207 3076 342 3142 scentiae
363 3075 563 3153 magisters),
586 3091 645 3138 non
668 3076 1033 3162 prohibetjdcunditates
1055 3077 1127 3140 sive

207 3175 442 3260 voluptuosi),
478 3181 737 3261 quamadmodum
771 3183 854 3244 stulti
893 3184 1028 3258 magistri
1056 3200 1124 3244 mo-

161 3299 163 3303 ’
207 3287 299 3352 uacbi
320 3290 461 3350 tecenmt.
504 3287 581 3363 Quia
602 3287 664 3350 boc
684 3287 758 3360 nibil
779 3289 864 3353 atiud
882 3296 946 3362 est,
969 3307 1059 3366 quam
1084 3307 1123 3350 cx

206 3588 218 3619 2
278 3495 448 3617 otiandum
471 3555 640 3602 contemnere
665 3545 747 3618 quid?
786 3546 899 3617 (153⁶).
966 3547 1000 3618 g)
1024 3547 1124 3602 Adole-

180 3647 325 3702 -aeeatiae
343 3643 469 3736 mammet
486 3642 611 3698 maron
635 3641 747 3736 (ibib).
820 3641 855 3710 b)
879 3641 938 3696 iton
966 3641 1123 3714 prohibetur

203 3739 348 3808 juvenibus
364 3736 490 3807 gaudium
508 3743 561 3792 etc.

157 3873 161 3882 ,
223 3850 230 3857 ’
278 3823 481 3901 animuin·
534 3853 569 3872 *-
