2484 4320
415 56 421 69 .
541 27 546 38 ¹
609 17 628 64 ἱ

113 271 114 278 ’
168 247 212 321 92
266 239 272 270 ¹
505 259 594 335 capnt
615 241 745 334 quantun

166 431 263 505 sitin·
292 399 397 500 Danda
420 445 604 516 ost'opera,
633 435 790 500 laciendns
811 432 900 498 labor
926 445 998 518 etc,
1026 434 1087 510 sed
1141 455 1145 462 ’

71 593 73 601 ,
103 594 110 600 .
166 558 257 606 curae
284 549 314 605 el
334 542 513 606 alllictlobes
536 549 608 605 sunt
627 542 848 621 negligendae·
872 559 928 604 nec
955 543 1114 620 velimus⁸
1197 537 1199 542 ’

165 647 237 714 Deo¹
261 648 470 728 praescribere
497 648 621 714 modum
642 650 794 711 stlocum
817 656 847 709 et
871 653 1001 728 tempus.
1044 647 1088 712 tlt

165 755 300 833 agricole
321 771 379 817 suo
400 761 537 833 tempore
552 755 629 833 jacit
649 770 753 818 semen
776 754 805 815 ln
828 770 951 831 agrum,
973 763 1087 834 postea

165 862 228 925 abit
249 867 280 922 et
301 861 425 934 dormit,
452 861 527 922 nibil
548 862 696 925 sollicitus
718 862 759 924 de
779 866 948 944 proventu,
970 861 1086 944 alioqui

166 983 322 1046 nunquam
343 965 504 1030 habiturus
525 966 667 1047 quietem.
708 966 781 1030 ldeo
805 983 894 1030 nemo
918 974 1005 1045 putet
1026 949 1088 1032 Sa-

166 1073 319 1138 lomonem
341 1072 485 1135 damnare
506 1074 629 1137 labores
650 1073 815 1136 humanos.
858 1072 954 1136 curas
979 1073 1087 1152 prohi-

48 1169 53 1178 ’
164 1179 217 1242 bet
238 1187 269 1242 et
289 1179 474 1253 anxietates,
496 1180 618 1243 labores
641 1181 735 1257 exigit
748 1180 792 1257 τ).

166 1344 218 1409 De
239 1361 399 1408 carcere
427 1346 686 1426 aliquisexit
707 1347 752 1408 ad
773 1321 951 1422 regnum,
979 1346 1087 1410 alius

234 1435 236 1440 ’
270 1449 305 1514 in
327 1467 485 1530 regnum
507 1435 625 1515 rietus
646 1453 791 1515 amittit
811 1465 981 1528 regnum.

248 1605 314 1670 Hoc
341 1607 387 1670 sic
418 1622 487 1668 cunr
520 1605 773 1686 praecedentibus
801 1606 944 1669 convenit
970 1613 1002 1670 et
1030 1622 1087 1669 cn·
1119 1605 1122 1610 “

166 1711 282 1778 bacret
324 1713 396 1776 Ideo
423 1713 529 1776 melior
556 1721 604 1778 est
631 1715 757 1794 sapiens
783 1728 862 1792 puer
885 1727 963 1776 sena
983 1712 1087 1786 stulto,

169 1836 207 1884 eo
229 1818 312 1899 qnod
333 1835 428 1898 saepe
449 1810 686 1907 capungun),
710 1825 744 1884 nt
764 1819 938 1897 egrediatur
958 1819 998 1880 de
1018 1833 1088 1881 aar·

62 1989 65 1997 ,
169 1941 240 1990 cero
267 1924 378 2005 aliquis
405 1925 445 1986 ad
465 1917 601 2004 regnum.
643 1927 729 1990 Alius
756 1942 868 2003 erese
895 1925 928 1990 dt
955 1925 1087 2004 ignomi-

168 2034 276 2097 niosus
306 2040 336 2095 et
364 2032 491 2103 stultns,
521 2039 555 2093 ut
582 2023 746 2104 uacasse*
769 2032 928 2109 Zedelrias.
974 2025 1086 2124 Gonlrp

78 2219 79 2228 ἵ
168 2138 286 2218 loseph
313 2139 368 2201 luit
395 2139 424 2200 in
451 2153 588 2210 carcere,
617 2145 649 2200 et
668 2139 767 2201 lactus
789 2145 838 2201 est
858 2140 1002 2216 princeps
1022 2138 1086 2222 de-

169 2247 270 2326 gypti,
298 2251 329 2308 et
357 2252 462 2308 nostro
490 2245 615 2307 saeculo
636 2245 788 2322 Ungarlae
817 2260 873 2306 rex
900 2243 1032 2307 blachiae
1046 2242 1081 2322 ⁸)

168 2355 267 2416 lactus
289 2358 338 2414 est
357 2351 588 2428 potentissimus
610 2367 665 2413 rex
686 2367 705 2414 e
726 2366 861 2416 conarere.¹
898 2349 1084 2428 Huiusmodi

169 2459 244 2522 flunt
271 2471 366 2537 saepe
392 2457 542 2522 inrobns
570 2454 727 2529 humanis,
761 2455 843 2537 quod
876 2458 926 2519 val
952 2457 1087 2525 maxime

169 2581 221 2628 ros
249 2565 403 2627 Romanae
430 2570 586 2628 testantur.
634 2559 864 2643 Valeriannsb)
896 2579 955 2626 non
985 2563 1086 2627 malus

169 2672 350 2750 Imperator,
370 2649 442 2731 duni
464 2670 595 2748 eapitur,
622 2671 721 2732 lactus
743 2677 792 2731 est
813 2669 980 2733 scabellum
1001 2667 1085 2746 regis

44 2765 47 2788 ³
168 2777 331 2842 Persarum
361 2776 400 2848 ad
429 2782 556 2839 mortem
584 2791 693 2854 usqne.
735 2774 822 2838 Unde
844 2791 919 2839 vero
940 2773 1001 2836 hoc
1022 2773 1086 2836 illtt
1105 2808 1131 2834 v.

54 2909 107 2928 r
171 2884 247 2961 Quia
275 2883 400 2945 venerat
428 2880 505 2944 hora
532 2880 599 2964 ejus
623 2863 750 2950 'definita
778 2881 891 2944 allen.
934 2879 1097 2956 Quorsum·

55 2985 60 2992 ’
171 3007 244 3069 ergo
266 2989 379 3052 curacl
422 2987 539 3050 Snlflcit
559 2987 621 3050 diei
634 2987 747 3050 malitia
765 2995 834 3052 sua.
876 2985 1087 3049 Instituendus

168 3098 273 3176 itaque
292 3094 373 3157 lilius
401 3094 483 3172 regis
510 3094 595 3172 regio
617 3110 718 3167 more,
750 3093 807 3156 scd
835 3094 913 3158 velle
935 3092 1087 3172 praescri·
1199 3167 1201 3173 ι

70 3239 72 3246 -
169 3202 252 3274 bere,
275 3199 348 3280 quid
369 3199 546 3263 inlaturum
569 3216 661 3278 agere
681 3199 802 3274 debeat,
823 3207 854 3262 et
875 3216 967 3280 quarn
984 3201 1093 3282 bonus!

60 3343 81 3359 --
170 3324 227 3371 rex
247 3308 287 3370 sit
307 3307 442 3380 loturus,
471 3306 501 3369 id
523 3323 598 3369 vero
620 3311 668 3370 est
689 3305 821 3370 alilictio.
863 3305 1087 3370 Commendar-

170 3413 244 3478 dum
266 3413 367 3474 antem
389 3412 443 3474 Dei
471 3395 599 3482 consilio
621 3419 652 3476 et
673 3413 820 3477 voluntati
849 3429 887 3475 nc
907 3407 1085 3476 dicendum:

171 3567 382 3592 ...u—d-

241 3666 270 3732 n)
290 3661 537 3735 cnraflprobilretur,
551 3641 631 3718 ¹labor
648 3663 771 3734 exigitor.
798 3667 844 3740 p)
863 3661 983 3734 llattlrlaa
1001 3660 1088 3732 [Inga-
1164 3677 1167 3695 t

171 3761 227 3818 tiae
244 3774 300 3814 rex.
354 3757 385 3825 b)
403 3755 570 3812 Valerianus.
636 3752 640 3764 ’

78 3899 80 3906 s
202 3841 221 3933 1'
240 3852 293 3926 lt)
312 3851 442 3922 wndnglt
461 3849 568 3921 (15³2).
