2406 4322
78 435 205 488 causam
226 422 328 500 agenti
348 436 462 498 negare
482 419 543 486 hoc
564 420 704 486 officium.
738 418 782 484 Si
803 419 878 501 quid
891 427 995 484 tannen

76 545 165 594 ame
186 536 347 622 peccatum
368 536 431 602 est,
453 530 524 591 nolo
545 537 581 591 ut
601 529 687 592 solus
708 545 776 618 eam
798 531 918 608 culpam
941 546 995 591 su·

75 639 197 716 stipere.
248 635 341 700 lieret
360 635 434 713 eius
463 641 587 714 partem
619 652 744 716 quoque
773 643 858 752 tam
855 634 995 757 sedatus
1107 641 1110 652 '

73 745 209 811 monitor
305 757 308 765 ’

153 848 263 936 apto
262 855 379 922 aulem,
409 848 450 916 mi
477 846 693 936 Briesmanne,
724 856 757 910 ιιι
787 847 869 910 hanc
895 840 996 908 lev'em

74 971 197 1034 operam
232 961 369 1018 nostram
387 958 478 1032 grato
507 955 609 1018 animo
639 955 785 1032 accipias.
827 950 894 1016 Etsi
915 951 996 1014 enim

73 1063 134 1127 ficri
164 1069 366 1140 nonpotest,
396 1062 468 1140 quin
499 1077 596 1138 saepe
626 1060 798 1124 uberiorem
827 1058 997 1136 expositio·

72 1185 138 1231 nem
165 1168 303 1256 requirat
323 1169 440 1239 lector,·
460 1174 561 1229 tamen
591 1166 790 1238 sententiam,
824 1167 906 1228 sicat
926 1157 995 1226 earn
1042 1225 1043 1228 ,
1110 1177 1131 1208 ·’

72 1275 105 1338 D.
124 1273 165 1334 Μ.
186 1273 340 1342 botherus
367 1291 423 1352 per
444 1280 547 1336 telum
576 1272 710 1334 libellum
731 1272 893 1346 indicavit,
920 1271 996 1335 fide-

72 1380 136 1441 liter
162 1385 194 1440 et
223 1380 305 1442 clare
331 1378 460 1442 reddere
489 1383 619 1442 conatus
647 1395 725 1442 sum.
764 1378 914 1462 'lactasse
934 1377 1024 1462 fiet„

73 1495 103 1550 ut
129 1485 189 1548 alio
221 1492 360 1564 tempore
381 1485 473 1556 simili
489 1483 601 1554 ¹obicio
631 1485 1020 1576 ιιειιιιιιιιι,ἰιιιιιιιιιιιειιιι

73 1591 256 1658 alsindium
277 1593 308 1654 in
334 1599 504 1662 lerneam.
546 1590 631 1654 Bene
662 1592 731 1654 vale
759 1607 830 1654 curn
859 1591 993 1656 ecelesia
1028 1647 1035 1658 .

73 1706 152 1764 tua,
174 1697 315 1766 saulam
340 1705 373 1762 te
399 1691 574 1768 reverenter
597 1697 706 1766 iratres
728 1699 852 1772 nostri..
868 1698 921 1777 qui
941 1697 993 1764 hic

73 1811 138 1868 sunl
156 1805 188 1866 in
220 1804 388 1873 ministerio
409 1802 580 1880 Evangelii,
608 1804 774 1884 praecipite
796 1805 830 1872 D·
854 1805 993 1870 tlences-

71 1909 154 1980 laus*
179 1910 236 1972 tibi
270 1911 456 1995 oblongam
483 1917 523 1976 at
541 1906 715 1986 jucundam
737 1910 989 1978 consuetudinem

74 2017 266 2093 gratissimus
304 2001 431 2088 amicus.
498 2015 608 2080 Datum
647 2015 833 2096 Nonbmgae
867 2015 990 2080 Galend.

73 2125 207 2202 rugoso.
252 2107 340 2186 Anno
363 2120 640 2187 mmmmm
682 2125 698 2191 ·,

81 2283 102 2296 ,,
128 2231 181 2298 ΔΙιι
203 2229 298 2306 hujus
327 2229 396 2292 libri
425 2229 628 2307 explicatione
650 2223 893 2326 ipsafbutheras
915 2230 991 2294 late·
1017 2233 1019 2238 “

75 2344 118 2398 tur
138 2353 173 2398 se
193 2353 309 2399 novem
332 2335 438 2400 iniisse
460 2336 559 2411 viam;
590 2335 720 2398 discedit
748 2325 828 2404 enan
855 2351 917 2403 nott
938 2353 991 2399 so·
1095 2349 1109 2358 ·

72 2443 131 2504 lum
151 2459 170 2502 a
191 2445 321 2521 protana
342 2442 604 2521 interpretatione,
633 2442 724 2520 quasi
744 2443 891 2507 Salomon
913 2457 990 2506 snos

74 2564 136 2610 curn
157 2546 221 2612 lilia
241 2547 410 2612 Pharaonis
432 2561 555 2616 amores
576 2546 800 2626 descripserit„
819 2548 881 2622 aad,
897 2554 929 2611 et
950 2548 989 2611 ab
1105 2561 1110 2570 ·

73 2654 131 2750 illc,
158 2663 222 2734 qua
243 2652 418 2730 conjonctio
437 2653 492 2722 Dei
522 2669 591 2720 eum
614 2653 857 2742 synagoga..out
870 2652 991 2720 -christi

75 2776 137 2828 cnm
159 2761 260 2824 anima
280 2758 364 2824 fideti
390 2759 614 2837 repraesentari
644 2761 675 2822 in
702 2759 911 2848 inocentiae
932 2777 992 2840 pu·
1091 2815 1096 2826 .

75 2871 147 2928 tator
177 2881 330 2944 suamque
358 2865 541 2936 sententiam
569 2865 650 2930 banc
677 2881 751 2930 essa
778 2865 882 2932 dieitr.
905 2866 991 2944 quod

75 2971 110 3034 sil
138 2969 309 3038 encomium
337 2971 465 3050 politiae
486 2969 634 3036 iudaicae
660 2968 991 3042 tuncssflmentissimao

75 3083 102 3138 et
121 3075 264 3140 thesauro
286 3077 372 3139 verbi
394 3077 488 3140 divini
510 3093 585 3157 praa
605 3077 674 3141 aliis
694 3077 841 3162 gentibus
856 3086 989 3154 ornatae,

74 3181 171 3260 itaque
191 3183 321 3261 plurima
350 3182 432 3245 dicia
453 3183 493 3245 de
522 3171 661 3246 efficacia
688 3184 774 3246 verbi
802 3191 833 3246 et
858 3165 929 3248 inde
957 3185 989 3256 ip
1030 3171 1036 3182 ’

74 3285 234 3350 Ecclesiam
265 3280 506 3351 redundantibns
538 3287 694 3352 beneficiis
724 3290 857 3368 exponit.
907 3271 988 3360 Alibi

54 3386 57 3401 '
78 3400 169 3458 tamen
198 3395 316 3472 passim
345 3395 427 3468 ¹clieta
446 3391 562 3464 ,coraci
591 3395 630 3456 de
650 3391 771 3468 Christo
786 3403 830 3471 ¹et
849 3395 988 3463 Ecclesia

77 3499 121 3562 vel
136 3543 138 3550 ι
152 3500 250 3564 anima
276 3499 364 3578 ,alati
393 3501 524 3578 mystice
552 3500 707 3586 applicat,¹
739 3501 782 3565 ita
809 3509 844 3569 ιιι
868 3504 899 3564 in
925 3502 987 3576 hoe

78 3605 285 3670 commentario
307 3604 346 3667 ad
369 3621 500 3683 scopum
528 3613 561 3679 et
580 3613 755 3673 conlexlum
778 3607 844 3672 libri
865 3609 986 3689 univer·

78 3712 166 3774 salem
186 3712 339 3792 respicere
359 3711 501 3776 videatur
524 3713 573 3793 (v.
592 3713 790 3780 Secltendorl.
805 3715 880 3780 Hist
896 3713 984 3787 Luth.

76 3815 94 3880 l.
113 3817 158 3880 llt.
178 3817 208 3898 ᾗ.
228 3817 336 3882 LXVII
357 3836 388 3897 p.
411 3814 500 3898 186).
