2484 4320
371 241 770 354 ‘Eccledutce‘sllcmonis
995 243 1039 316 93

124 435 252 498 Domine
267 429 359 510 Deus,
380 451 440 514 ego
461 433 585 515 quidem
604 433 731 498 instituo
751 431 833 498 lruoc
846 391 984 512 puerum,
1004 438 1039 498 tu

124 550 226 604 nutcrn
249 543 298 604 lac
318 558 388 604 eum
409 557 513 621 regent
535 541 562 605 si
584 541 645 605 vls.

124 707 169 771 lit
196 710 382 772 viventes
411 685 480 771 sub
507 705 594 770 sol'e
620 695 777 770 versari
806 720 935 768 omnes
957 722 1040 768 cum
1152 692 1154 701 ⁸

123 814 385 878 adolescente
406 813 595 887 secundo,
623 811 690 892 qui
712 822 795 876 erat
816 812 931 874 alteri
954 825 1040 874 suc·

124 935 333 994 cessurus,
367 920 551 982 infinitus
578 921 749 998 populus
777 925 814 981 et
841 924 929 980 ente
957 933 1040 984 eum
1140 964 1143 978 ,

123 1033 162 1085 et
183 1033 381 1102 postcom.
417 1025 491 1088 Neo
512 1033 637 1088 tamen
659 1025 909 1087 laetabuntur
928 1024 965 1086 in
986 1040 1039 1099 eo,

123 1139 161 1192 ct
179 1131 254 1194 lroc
269 1147 363 1210 ergo
382 1149 518 1196 vanum
536 1138 596 1194 est
614 1138 650 1192 el
671 1131 843 1192 all'llctic
860 1129 1039 1208 spiritus.

121 1297 123 1300 ·
205 1284 401 1366 Viventesc)
431 1287 565 1365 cppellut
592 1286 736 1366 Salomon
765 1284 923 1364 splendide
952 1283 1066 1348 victi-1

123 1399 237 1464 tanus,
264 1401 295 1454 et
318 1393 364 1456 sic
386 1392 540 1466 viventes,
567 1393 657 1471 quasi
679 1391 757 1452 haec
779 1393 841 1453 vite
861 1392 901 1452 sit
921 1387 1040 1454 illorum

63 1498 66 1506 '
122 1498 261 1576 propriu,
289 1497 472 1560 elmundus
495 1498 534 1560 sit
554 1497 670 1560 illorum
693 1513 807 1570 caussa
828 1494 985 1572 conditus,
1005 1502 1040 1558 ut

122 1606 222 1666 solent
250 1619 395 1682 proceres
416 1604 526 1668 Aulioi.
569 1604 749 1666 Perseverat
776 1610 877 1665 nutem
899 1603 929 1665 in
949 1617 1039 1681 peru-
1157 1636 1160 1646 ·

119 1710 257 1786 dignate
278 1709 319 1772 de
339 1708 521 1774 educatione
541 1709 638 1788 regis,
668 1712 735 1772 sive
756 1709 794 1771 cd
816 1725 867 1772 res
888 1707 1039 1787 politices,

122 1816 189 1878 sive
212 1815 347 1880 bellicus.
381 1815 535 1890 Educatio.
557 1816 662 1896 inquit,
682 1825 731 1878 est
751 1816 841 1888 bone,
862 1829 969 1878 verum
983 1830 1039 1878 vo
1120 1859 1123 1870 .

121 1923 223 1984 luntas
248 1921 382 1985 humone
410 1929 441 1984 et
462 1921 594 1985 studium
622 1938 682 1984 non
706 1921 827 2000 ‘perficit
853 1920 936 1999 quod
964 1922 1039 1986 vult.

121 2028 256 2091 consilia
279 2027 468 2090 educationis
490 2034 560 2092 sunt
582 2027 715 2102 lnltnuc,
743 2043 837 2106 opere
864 2033 913 2090 est
932 2042 1041 2088 neces·

121 2135 212 2208 scrin,
236 2133 290 2197 sed
314 2140 496 2197 eventuset
518 2149 591 2196 curu
612 2149 707 2212 suepc
723 2133 806 2200 tellit.
848 2131 927 2210 Ergo
948 2131 1040 2195 docel
1063 2145 1085 2194 ,·
1161 2185 1164 2206 ,

121 2244 227 2305 nostri
249 2239 376 2302 consilia
398 2255 480 2301 vanc
499 2231 581 2302 csse.
622 2239 699 2302 Num
721 2241 747 2302 si
770 2241 799 2302 in
820 2239 945 2317 regibus
966 2239 1040 2302 tellit

122 2345 314 2408 educationis
343 2363 417 2417 cura
445 2352 476 2406 cl
496 2345 672 2419 consilinm,
700 2353 815 2425 quanto
837 2347 936 2422 magis
956 2345 1040 2408 lellet

121 2453 151 2514 ln
174 2452 242 2514 aliis
257 2447 326 2520 ²⁶).
347 2451 401 2502 ubi
415 2450 514 2512 minor
529 2467 601 2514 curu
621 2458 651 2514 et
666 2451 807 2516 educndo
820 2450 1040 2530 negligentiori

204 2546 293 2624 Quod
315 2545 402 2610 dicit:
436 2546 585 2611 Viventes
605 2563 663 2610 seu
683 2563 829 2626 proceres
851 2565 958 2612 omncs
979 2552 1039 2612 sub
1074 2595 1080 2608 .
1111 2563 1114 2570 ·

121 2653 189 2715 sole
211 2637 330 2714 versari
353 2667 423 2714 cunr
440 2652 634 2740 pdolescente
647 2654 802 2728 secundo,
824 2670 883 2716 non
905 2653 1043 2732 intelligit
1076 2711 1080 2720 ,

120 2775 230 2822 omnes
262 2758 402 2820 viventes
429 2773 485 2820 sen
507 2774 669 2836 proceres,
702 2761 753 2838 qui
780 2767 852 2822 sunt
877 2759 936 2846 sub
964 2760 1040 2839 solet

119 2863 178 2928 sed
200 2864 348 2944 populum
370 2861 438 2940 ejns
459 2865 545 2942 regni
566 2873 596 2926 ct
616 2863 707 2942 regis,
731 2865 780 2926 rel
801 2863 946 2943 majorem
967 2881 1041 2944 pcr-

119 2979 198 3044 tem‚
227 2955 322 3032 nisit
349 2985 480 3032 sensus:
510 2970 680 3036 Universos
701 2947 850 3050 populns,
877 2971 929 3050 qul
959 2971 1040 3036 circa

119 3094 226 3154 regem
248 3056 333 3149 sunt,
362 3075 528 3138 observent
549 3061 645 3139 fllium·
660 3077 755 3155 repis.
798 3075 902 3150 Cuncti
925 3077 1041 3141 cdhce·

118 3183 229 3248 nebunt
251 3183 293 3255 ei,
326 3181 441 3259 optimc
470 3183 509 3244 de
530 3185 576 3244 eo'
589 3191 759 3262 sperantes.
800 3181 873 3245 Erat
893 3185 970 3254 enirn
991 3182 1041 3260 id·

119 3290 209 3352 venis
237 3289 397 3367 princeps,
427 3288 608 3352 adolescens
639 3289 811 3359 sccundus,
840 3289 951 3370 el,qui
978 3295 1040 3353 stet

121 3395 189 3458 vice
212 3395 337 3457 ulterius
364 3393 456 3471 regis.
498 3394 614 3469 idest,
641 3410 697 3458 rex
717 3396 836 3458 tuturus
862 3394 1039 3474 posthunc

119 3517 234 3579 regern,
257 3500 310 3580 cpi
331 3499 465 3563 debebat
485 3500 563 3579 patri
586 3501 753 3565 succedere
773 3501 803 3564 ln
824 3515 928 3584 regno.
959 3503 1038 3568 Ante

144 3605 149 3634 ἱ
304 3595 308 3604 .

121 3659 331 3684 -p-—u-t·

189 3740 219 3810 c)
240 3738 377 3796 Viventes.

190 3834 242 3906 'ch
259 3832 372 3905 pluton.
