<?xml version="1.0" encoding="UTF-8"?>
<!DOCTYPE html PUBLIC "-//W3C//DTD XHTML 1.0 Transitional//EN"
    "http://www.w3.org/TR/xhtml1/DTD/xhtml1-transitional.dtd">
<html xmlns="http://www.w3.org/1999/xhtml" xml:lang="en" lang="en">
 <head>
  <title>
</title>
<meta http-equiv="Content-Type" content="text/html;charset=utf-8" />
  <meta name='ocr-system' content='tesseract 3.04.00' />
  <meta name='ocr-capabilities' content='ocr_page ocr_carea ocr_par ocr_line ocrx_word'/>
</head>
<body>
  <div class='ocr_page' id='page_1' title='image "./exegeticaoperal07luthgoog_0054.png"; bbox 0 0 2308 4316; ppageno 0'>
   <div class='ocr_carea' id='block_1_1' title="bbox 313 247 959 344">
    <p class='ocr_par' dir='ltr' id='par_1_1' title="bbox 313 247 959 344">
     <span class='ocr_line' id='line_1_1' title="bbox 313 247 959 344; baseline 0.006 -28"><span class='ocrx_word' id='word_1_1' title='bbox 313 255 499 344; x_wconf 67' lang='lat' dir='ltr'>Ecalcchcirc</span> <span class='ocrx_word' id='word_1_2' title='bbox 519 255 689 320; x_wconf 81' lang='lat' dir='ltr'>Salomonis.</span> <span class='ocrx_word' id='word_1_3' title='bbox 919 247 959 320; x_wconf 83' lang='lat' dir='ltr'>it</span> 
     </span>
    </p>
   </div>
   <div class='ocr_carea' id='block_1_2' title="bbox 58 435 1017 1474">
    <p class='ocr_par' dir='ltr' id='par_1_2' title="bbox 62 435 960 622">
     <span class='ocr_line' id='line_1_2' title="bbox 62 435 960 514; baseline -0.007 -10"><span class='ocrx_word' id='word_1_4' title='bbox 62 443 128 504; x_wconf 87' lang='lat' dir='ltr'>torta</span> <span class='ocrx_word' id='word_1_5' title='bbox 151 435 220 498; x_wconf 84' lang='lat' dir='ltr'>valii</span> <span class='ocrx_word' id='word_1_6' title='bbox 247 435 425 500; x_wconf 79' lang='lat' dir='ltr'>succedero.</span> <span class='ocrx_word' id='word_1_7' title='bbox 473 436 600 514; x_wconf 84' lang='lat' dir='ltr'>Quando</span> <span class='ocrx_word' id='word_1_8' title='bbox 626 437 657 498; x_wconf 89' lang='lat' dir='ltr'>in</span> <span class='ocrx_word' id='word_1_9' title='bbox 685 435 800 500; x_wconf 88' lang='lat' dir='ltr'>mundo</span> <span class='ocrx_word' id='word_1_10' title='bbox 826 443 857 498; x_wconf 85' lang='lat' dir='ltr'>at</span> <span class='ocrx_word' id='word_1_11' title='bbox 883 435 960 498; x_wconf 83' lang='lat' dir='ltr'>intcr</span> 
     </span>
     <span class='ocr_line' id='line_1_3' title="bbox 64 542 959 622; baseline -0.004 -12"><span class='ocrx_word' id='word_1_12' title='bbox 64 546 185 610; x_wconf 78' lang='lat' dir='ltr'>homines</span> <span class='ocrx_word' id='word_1_13' title='bbox 217 544 351 614; x_wconf 83' lang='lat' dir='ltr'>versanti</span> <span class='ocrx_word' id='word_1_14' title='bbox 376 559 479 622; x_wconf 57' lang='lat' dir='ltr'>,nequo</span> <span class='ocrx_word' id='word_1_15' title='bbox 506 542 741 614; x_wconf 77' lang='lat' dir='ltr'>sollicitudines,</span> <span class='ocrx_word' id='word_1_16' title='bbox 769 543 882 621; x_wconf 91' lang='lat' dir='ltr'>quibus</span> <span class='ocrx_word' id='word_1_17' title='bbox 908 557 959 606; x_wconf 87' lang='lat' dir='ltr'>ruo</span> 
     </span>
    </p>

    <p class='ocr_par' dir='ltr' id='par_1_3' title="bbox 58 629 1017 1474">
     <span class='ocr_line' id='line_1_4' title="bbox 63 629 1017 729; baseline -0.001 -16"><span class='ocrx_word' id='word_1_18' title='bbox 63 667 176 722; x_wconf 80' lang='lat' dir='ltr'>macero,</span> <span class='ocrx_word' id='word_1_19' title='bbox 196 656 229 712; x_wconf 89' lang='lat' dir='ltr'>ut</span> <span class='ocrx_word' id='word_1_20' title='bbox 249 649 317 710; x_wconf 83' lang='lat' dir='ltr'>otiis</span> <span class='ocrx_word' id='word_1_21' title='bbox 338 649 507 723; x_wconf 82' lang='lat' dir='ltr'>consulam,</span> <span class='ocrx_word' id='word_1_22' title='bbox 532 665 634 729; x_wconf 85' lang='lat' dir='ltr'>ncquc</span> <span class='ocrx_word' id='word_1_23' title='bbox 655 650 829 727; x_wconf 83' lang='lat' dir='ltr'>uoluptates</span> <span class='ocrx_word' id='word_1_24' title='bbox 850 665 959 712; x_wconf 86' lang='lat' dir='ltr'>succa-</span> <span class='ocrx_word' id='word_1_25' title='bbox 1013 629 1017 644; x_wconf 72' lang='grc'><strong>’</strong></span> 
     </span>
     <span class='ocr_line' id='line_1_5' title="bbox 61 755 958 834; baseline -0.004 -12"><span class='ocrx_word' id='word_1_26' title='bbox 61 761 130 830; x_wconf 92' lang='lat' dir='ltr'>dunt,</span> <span class='ocrx_word' id='word_1_27' title='bbox 149 755 205 818; x_wconf 87' lang='lat' dir='ltr'>sad</span> <span class='ocrx_word' id='word_1_28' title='bbox 225 756 309 818; x_wconf 88' lang='lat' dir='ltr'>irrita</span> <span class='ocrx_word' id='word_1_29' title='bbox 330 761 410 828; x_wconf 72' lang='lat' dir='ltr'>sunt,</span> <span class='ocrx_word' id='word_1_30' title='bbox 430 755 586 819; x_wconf 75' lang='lat' dir='ltr'>instituam</span> <span class='ocrx_word' id='word_1_31' title='bbox 602 755 734 834; x_wconf 78' lang='lat' dir='ltr'>rigidam</span> <span class='ocrx_word' id='word_1_32' title='bbox 754 761 785 818; x_wconf 86' lang='lat' dir='ltr'>ct</span> <span class='ocrx_word' id='word_1_33' title='bbox 804 763 958 820; x_wconf 83' lang='lat' dir='ltr'>austeram</span> 
     </span>
     <span class='ocr_line' id='line_1_6' title="bbox 61 861 957 940; baseline -0.004 -12"><span class='ocrx_word' id='word_1_34' title='bbox 61 865 196 940; x_wconf 80' lang='lat' dir='ltr'>vitamx),</span> <span class='ocrx_word' id='word_1_35' title='bbox 217 870 251 924; x_wconf 91' lang='lat' dir='ltr'>ut</span> <span class='ocrx_word' id='word_1_36' title='bbox 264 861 385 934; x_wconf 83' lang='lat' dir='ltr'>omnino</span> <span class='ocrx_word' id='word_1_37' title='bbox 404 862 575 926; x_wconf 75' lang='lat' dir='ltr'>abstineam</span> <span class='ocrx_word' id='word_1_38' title='bbox 598 869 629 924; x_wconf 87' lang='lat' dir='ltr'>ct</span> <span class='ocrx_word' id='word_1_39' title='bbox 644 862 757 925; x_wconf 86' lang='lat' dir='ltr'>duriter</span> <span class='ocrx_word' id='word_1_40' title='bbox 778 862 880 924; x_wconf 87' lang='lat' dir='ltr'>vivam</span> <span class='ocrx_word' id='word_1_41' title='bbox 900 867 957 924; x_wconf 87' lang='lat' dir='ltr'>cto.</span> 
     </span>
     <span class='ocr_line' id='line_1_7' title="bbox 60 967 958 1060; baseline -0.004 -26"><span class='ocrx_word' id='word_1_42' title='bbox 60 973 137 1034; x_wconf 80' lang='lat' dir='ltr'>Miror</span> <span class='ocrx_word' id='word_1_43' title='bbox 156 975 257 1032; x_wconf 87' lang='lat' dir='ltr'>autom</span> <span class='ocrx_word' id='word_1_44' title='bbox 278 968 374 1032; x_wconf 87' lang='lat' dir='ltr'>iaisos</span> <span class='ocrx_word' id='word_1_45' title='bbox 394 967 464 1060; x_wconf 84' lang='lat' dir='ltr'>ilios</span> <span class='ocrx_word' id='word_1_46' title='bbox 486 967 589 1031; x_wconf 88' lang='lat' dir='ltr'>muudi</span> <span class='ocrx_word' id='word_1_47' title='bbox 610 975 863 1034; x_wconf 76' lang='lat' dir='ltr'>correcturarum</span> <span class='ocrx_word' id='word_1_48' title='bbox 884 984 958 1030; x_wconf 92' lang='lat' dir='ltr'>con-</span> 
     </span>
     <span class='ocr_line' id='line_1_8' title="bbox 60 1073 959 1154; baseline -0.006 -13"><span class='ocrx_word' id='word_1_49' title='bbox 60 1083 227 1154; x_wconf 82' lang='lat' dir='ltr'>temptores,</span> <span class='ocrx_word' id='word_1_50' title='bbox 257 1090 319 1138; x_wconf 89' lang='lat' dir='ltr'>non</span> <span class='ocrx_word' id='word_1_51' title='bbox 348 1073 602 1139; x_wconf 78' lang='lat' dir='ltr'>animadvertisse</span> <span class='ocrx_word' id='word_1_52' title='bbox 627 1073 710 1141; x_wconf 91' lang='lat' dir='ltr'>hunc</span> <span class='ocrx_word' id='word_1_53' title='bbox 736 1076 838 1138; x_wconf 91' lang='lat' dir='ltr'>iocum</span> <span class='ocrx_word' id='word_1_54' title='bbox 871 1074 959 1140; x_wconf 80' lang='lat' dir='ltr'>sato-</span> 
     </span>
     <span class='ocr_line' id='line_1_9' title="bbox 60 1179 958 1258; baseline -0.002 -12"><span class='ocrx_word' id='word_1_55' title='bbox 60 1181 159 1252; x_wconf 88' lang='lat' dir='ltr'>monis,</span> <span class='ocrx_word' id='word_1_56' title='bbox 180 1180 412 1244; x_wconf 80' lang='lat' dir='ltr'>ubiarratcrum</span> <span class='ocrx_word' id='word_1_57' title='bbox 433 1195 532 1258; x_wconf 80' lang='lat' dir='ltr'>genus</span> <span class='ocrx_word' id='word_1_58' title='bbox 554 1181 639 1248; x_wconf 72' lang='lat' dir='ltr'>vitro,</span> <span class='ocrx_word' id='word_1_59' title='bbox 667 1187 698 1242; x_wconf 87' lang='lat' dir='ltr'>ci</span> <span class='ocrx_word' id='word_1_60' title='bbox 718 1179 845 1258; x_wconf 78' lang='lat' dir='ltr'>rigidam</span> <span class='ocrx_word' id='word_1_61' title='bbox 867 1196 958 1245; x_wconf 80' lang='lat' dir='ltr'>acuc-</span> 
     </span>
     <span class='ocr_line' id='line_1_10' title="bbox 58 1285 958 1364; baseline -0.002 -12"><span class='ocrx_word' id='word_1_62' title='bbox 58 1291 159 1352; x_wconf 86' lang='lat' dir='ltr'>ritatcm</span> <span class='ocrx_word' id='word_1_63' title='bbox 186 1287 353 1348; x_wconf 88' lang='lat' dir='ltr'>vanitatem</span> <span class='ocrx_word' id='word_1_64' title='bbox 380 1293 481 1350; x_wconf 87' lang='lat' dir='ltr'>vocat.</span> <span class='ocrx_word' id='word_1_65' title='bbox 539 1287 620 1364; x_wconf 79' lang='lat' dir='ltr'>Ergo</span> <span class='ocrx_word' id='word_1_66' title='bbox 654 1285 705 1350; x_wconf 91' lang='lat' dir='ltr'>bic</span> <span class='ocrx_word' id='word_1_67' title='bbox 732 1287 857 1352; x_wconf 83' lang='lat' dir='ltr'>damnat</span> <span class='ocrx_word' id='word_1_68' title='bbox 888 1288 958 1350; x_wconf 89' lang='lat' dir='ltr'>stri·</span> 
     </span>
     <span class='ocr_line' id='line_1_11' title="bbox 59 1381 958 1474; baseline -0.002 -16"><span class='ocrx_word' id='word_1_69' title='bbox 59 1381 198 1458; x_wconf 79' lang='lat' dir='ltr'>ctissimas&#39;</span> <span class='ocrx_word' id='word_1_70' title='bbox 207 1393 276 1456; x_wconf 87' lang='lat' dir='ltr'>illas</span> <span class='ocrx_word' id='word_1_71' title='bbox 292 1391 513 1474; x_wconf 85' lang='lat' dir='ltr'>monachorum</span> <span class='ocrx_word' id='word_1_72' title='bbox 528 1393 811 1471; x_wconf 67' lang='lat' dir='ltr'>observationem),</span> <span class='ocrx_word' id='word_1_73' title='bbox 826 1393 958 1458; x_wconf 82' lang='lat' dir='ltr'>maxima</span> 
     </span>
    </p>
   </div>
   <div class='ocr_carea' id='block_1_3' title="bbox 24 1465 1080 1578">
    <p class='ocr_par' dir='ltr' id='par_1_4' title="bbox 24 1465 1080 1578">
     <span class='ocr_line' id='line_1_12' title="bbox 24 1465 1080 1578; baseline -0.002 -14"><span class='ocrx_word' id='word_1_74' title='bbox 24 1465 37 1524; x_wconf 42' lang='grc' dir='ltr'>χ</span> <span class='ocrx_word' id='word_1_75' title='bbox 59 1499 322 1573; x_wconf 79' lang='lat' dir='ltr'>carthusianorum,</span> <span class='ocrx_word' id='word_1_76' title='bbox 348 1515 428 1578; x_wconf 84' lang='lat' dir='ltr'>quas</span> <span class='ocrx_word' id='word_1_77' title='bbox 449 1506 551 1564; x_wconf 78' lang='lat' dir='ltr'>muron</span> <span class='ocrx_word' id='word_1_78' title='bbox 572 1499 706 1562; x_wconf 89' lang='lat' dir='ltr'>mundus</span> <span class='ocrx_word' id='word_1_79' title='bbox 728 1499 908 1573; x_wconf 83' lang='lat' dir='ltr'>admiratur,</span> <span class='ocrx_word' id='word_1_80' title='bbox 928 1505 960 1562; x_wconf 85' lang='lat' dir='ltr'>ct</span> <span class='ocrx_word' id='word_1_81' title='bbox 1078 1545 1080 1550; x_wconf 75' lang='lat'><em>.</em></span> 
     </span>
    </p>
   </div>
   <div class='ocr_carea' id='block_1_4' title="bbox 52 1603 1011 3924">
    <p class='ocr_par' dir='ltr' id='par_1_5' title="bbox 52 1603 1011 3924">
     <span class='ocr_line' id='line_1_13' title="bbox 57 1603 959 1685; baseline 0.006 -18"><span class='ocrx_word' id='word_1_82' title='bbox 57 1622 103 1685; x_wconf 87' lang='lat' dir='ltr'>pro</span> <span class='ocrx_word' id='word_1_83' title='bbox 121 1606 235 1684; x_wconf 81' lang='lat' dir='ltr'>pictate</span> <span class='ocrx_word' id='word_1_84' title='bbox 256 1610 288 1669; x_wconf 88' lang='lat' dir='ltr'>ot</span> <span class='ocrx_word' id='word_1_85' title='bbox 301 1604 625 1670; x_wconf 83' lang='lat' dir='ltr'>sanctimoniababct</span> <span class='ocrx_word' id='word_1_86' title='bbox 657 1603 773 1685; x_wconf 77' lang='lat' dir='ltr'>Estque</span> <span class='ocrx_word' id='word_1_87' title='bbox 793 1606 872 1671; x_wconf 84' lang='lat' dir='ltr'>haac</span> <span class='ocrx_word' id='word_1_88' title='bbox 885 1622 959 1672; x_wconf 87' lang='lat' dir='ltr'>son.-</span> 
     </span>
     <span class='ocr_line' id='line_1_14' title="bbox 58 1693 957 1790; baseline 0.003 -15"><span class='ocrx_word' id='word_1_89' title='bbox 58 1712 135 1775; x_wconf 89' lang='lat' dir='ltr'>tcotia</span> <span class='ocrx_word' id='word_1_90' title='bbox 154 1712 246 1790; x_wconf 86' lang='lat' dir='ltr'>quasi</span> <span class='ocrx_word' id='word_1_91' title='bbox 267 1713 380 1774; x_wconf 90' lang='lat' dir='ltr'>iuimcn</span> <span class='ocrx_word' id='word_1_92' title='bbox 395 1719 499 1774; x_wconf 89' lang='lat' dir='ltr'>contra</span> <span class='ocrx_word' id='word_1_93' title='bbox 514 1727 622 1776; x_wconf 85' lang='lat' dir='ltr'>omnes</span> <span class='ocrx_word' id='word_1_94' title='bbox 641 1714 766 1790; x_wconf 70' lang='lat' dir='ltr'>mgulm</span> <span class='ocrx_word' id='word_1_95' title='bbox 779 1693 957 1790; x_wconf 60' lang='lat' dir='ltr'>roliaioncs·</span> 
     </span>
     <span class='ocr_line' id='line_1_15' title="bbox 57 1816 957 1898; baseline -0.001 -17"><span class='ocrx_word' id='word_1_96' title='bbox 57 1835 105 1898; x_wconf 88' lang='lat' dir='ltr'>qua</span> <span class='ocrx_word' id='word_1_97' title='bbox 119 1818 314 1892; x_wconf 76' lang='lat' dir='ltr'>monasticar,</span> <span class='ocrx_word' id='word_1_98' title='bbox 335 1817 450 1896; x_wconf 89' lang='lat' dir='ltr'>quibus</span> <span class='ocrx_word' id='word_1_99' title='bbox 464 1816 629 1895; x_wconf 86' lang='lat' dir='ltr'>subjiciunt</span> <span class='ocrx_word' id='word_1_100' title='bbox 647 1834 699 1881; x_wconf 84' lang='lat' dir='ltr'>res</span> <span class='ocrx_word' id='word_1_101' title='bbox 714 1818 790 1890; x_wconf 76' lang='lat' dir='ltr'>sibi&#39;</span> <span class='ocrx_word' id='word_1_102' title='bbox 803 1819 869 1882; x_wconf 87' lang='lat' dir='ltr'>suis</span> <span class='ocrx_word' id='word_1_103' title='bbox 883 1835 957 1882; x_wconf 90' lang='lat' dir='ltr'>cou-</span> 
     </span>
     <span class='ocr_line' id='line_1_16' title="bbox 56 1922 1011 2003; baseline -0.002 -15"><span class='ocrx_word' id='word_1_104' title='bbox 56 1925 127 1997; x_wconf 87' lang='lat' dir='ltr'>siiiis,</span> <span class='ocrx_word' id='word_1_105' title='bbox 144 1939 226 2002; x_wconf 88' lang='lat' dir='ltr'>quac</span> <span class='ocrx_word' id='word_1_106' title='bbox 238 1941 299 1987; x_wconf 89' lang='lat' dir='ltr'>non</span> <span class='ocrx_word' id='word_1_107' title='bbox 314 1931 386 1987; x_wconf 88' lang='lat' dir='ltr'>sunt</span> <span class='ocrx_word' id='word_1_108' title='bbox 396 1925 542 2002; x_wconf 88' lang='lat' dir='ltr'>ipsorum,</span> <span class='ocrx_word' id='word_1_109' title='bbox 555 1939 616 1986; x_wconf 88' lang='lat' dir='ltr'>non</span> <span class='ocrx_word' id='word_1_110' title='bbox 633 1923 718 2003; x_wconf 91' lang='lat' dir='ltr'>quod</span> <span class='ocrx_word' id='word_1_111' title='bbox 732 1922 953 2003; x_wconf 70' lang='lat' dir='ltr'>abstinentiaz)</span> <span class='ocrx_word' id='word_1_112' title='bbox 1010 1953 1011 1959; x_wconf 15' lang='grc' dir='ltr'><strong>κ</strong></span> 
     </span>
     <span class='ocr_line' id='line_1_17' title="bbox 56 2015 957 2110; baseline -0.001 -17"><span class='ocrx_word' id='word_1_113' title='bbox 56 2031 88 2093; x_wconf 84' lang='lat' dir='ltr'>sit</span> <span class='ocrx_word' id='word_1_114' title='bbox 112 2031 205 2103; x_wconf 86' lang='lat' dir='ltr'>maia,</span> <span class='ocrx_word' id='word_1_115' title='bbox 237 2031 293 2093; x_wconf 83' lang='lat' dir='ltr'>aad</span> <span class='ocrx_word' id='word_1_116' title='bbox 320 2048 388 2098; x_wconf 87' lang='lat' dir='ltr'>cam</span> <span class='ocrx_word' id='word_1_117' title='bbox 422 2045 570 2110; x_wconf 86' lang='lat' dir='ltr'>quaararc</span> <span class='ocrx_word' id='word_1_118' title='bbox 589 2015 663 2094; x_wconf 72' lang='lat' dir='ltr'>&#39;sais</span> <span class='ocrx_word' id='word_1_119' title='bbox 682 2027 835 2104; x_wconf 85' lang='lat' dir='ltr'>consiliis,</span> <span class='ocrx_word' id='word_1_120' title='bbox 862 2035 894 2094; x_wconf 83' lang='lat' dir='ltr'>ct</span> <span class='ocrx_word' id='word_1_121' title='bbox 919 2045 957 2092; x_wconf 81' lang='lat' dir='ltr'>sc</span> 
     </span>
     <span class='ocr_line' id='line_1_18' title="bbox 56 2135 957 2216; baseline -0.003 -16"><span class='ocrx_word' id='word_1_122' title='bbox 56 2138 166 2215; x_wconf 72' lang='lat' dir='ltr'>dignm</span> <span class='ocrx_word' id='word_1_123' title='bbox 192 2135 319 2212; x_wconf 82' lang='lat' dir='ltr'>tatibus,</span> <span class='ocrx_word' id='word_1_124' title='bbox 350 2137 444 2216; x_wconf 81' lang='lat' dir='ltr'>quasi</span> <span class='ocrx_word' id='word_1_125' title='bbox 476 2137 680 2204; x_wconf 78' lang='lat' dir='ltr'>neccssariis.=</span> <span class='ocrx_word' id='word_1_126' title='bbox 720 2135 796 2212; x_wconf 80' lang='lat' dir='ltr'>Quia</span> <span class='ocrx_word' id='word_1_127' title='bbox 825 2143 957 2215; x_wconf 84' lang='lat' dir='ltr'>tompus,</span> 
     </span>
     <span class='ocr_line' id='line_1_19' title="bbox 55 2242 955 2322; baseline 0.002 -16"><span class='ocrx_word' id='word_1_128' title='bbox 55 2259 110 2317; x_wconf 81' lang='lat' dir='ltr'>ros.</span> <span class='ocrx_word' id='word_1_129' title='bbox 133 2245 224 2310; x_wconf 87' lang='lat' dir='ltr'>iocus</span> <span class='ocrx_word' id='word_1_130' title='bbox 245 2250 303 2306; x_wconf 87' lang='lat' dir='ltr'>etc.</span> <span class='ocrx_word' id='word_1_131' title='bbox 325 2242 525 2307; x_wconf 87' lang='lat' dir='ltr'>suntdiviaa</span> <span class='ocrx_word' id='word_1_132' title='bbox 544 2243 641 2317; x_wconf 84' lang='lat' dir='ltr'>dona,</span> <span class='ocrx_word' id='word_1_133' title='bbox 668 2257 751 2322; x_wconf 79' lang='lat' dir='ltr'>quaa</span> <span class='ocrx_word' id='word_1_134' title='bbox 773 2249 873 2306; x_wconf 82' lang='lat' dir='ltr'>tamon</span> <span class='ocrx_word' id='word_1_135' title='bbox 893 2243 955 2322; x_wconf 83' lang='lat' dir='ltr'>ipsi</span> 
     </span>
     <span class='ocr_line' id='line_1_20' title="bbox 56 2347 956 2428; baseline 0.002 -16"><span class='ocrx_word' id='word_1_136' title='bbox 56 2349 198 2427; x_wconf 80' lang='lat' dir='ltr'>captivare</span> <span class='ocrx_word' id='word_1_137' title='bbox 224 2349 329 2414; x_wconf 78' lang='lat' dir='ltr'>volunt</span> <span class='ocrx_word' id='word_1_138' title='bbox 356 2347 424 2415; x_wconf 89' lang='lat' dir='ltr'>suis</span> <span class='ocrx_word' id='word_1_139' title='bbox 444 2348 558 2428; x_wconf 74' lang='lat' dir='ltr'>rosulis</span> <span class='ocrx_word' id='word_1_140' title='bbox 580 2359 610 2414; x_wconf 88' lang='lat' dir='ltr'>ot</span> <span class='ocrx_word' id='word_1_141' title='bbox 630 2349 837 2428; x_wconf 76' lang='lat' dir='ltr'>praescriptis.</span> <span class='ocrx_word' id='word_1_142' title='bbox 879 2347 956 2414; x_wconf 80' lang='lat' dir='ltr'>Gna·</span> 
     </span>
     <span class='ocr_line' id='line_1_21' title="bbox 55 2453 957 2530; baseline 0.002 -12"><span class='ocrx_word' id='word_1_143' title='bbox 55 2462 138 2518; x_wconf 84' lang='lat' dir='ltr'>taum</span> <span class='ocrx_word' id='word_1_144' title='bbox 157 2453 233 2519; x_wconf 84' lang='lat' dir='ltr'>nihii</span> <span class='ocrx_word' id='word_1_145' title='bbox 252 2455 324 2518; x_wconf 84' lang='lat' dir='ltr'>iuda</span> <span class='ocrx_word' id='word_1_146' title='bbox 343 2455 472 2530; x_wconf 82' lang='lat' dir='ltr'>habant,</span> <span class='ocrx_word' id='word_1_147' title='bbox 503 2456 563 2522; x_wconf 83' lang='lat' dir='ltr'>nisi</span> <span class='ocrx_word' id='word_1_148' title='bbox 588 2455 712 2524; x_wconf 83' lang='lat' dir='ltr'>doloroa</span> <span class='ocrx_word' id='word_1_149' title='bbox 729 2461 773 2520; x_wconf 85' lang='lat' dir='ltr'>-ct</span> <span class='ocrx_word' id='word_1_150' title='bbox 790 2455 957 2530; x_wconf 78' lang='lat' dir='ltr'>miseriam,</span> 
     </span>
     <span class='ocr_line' id='line_1_22' title="bbox 56 2562 956 2636; baseline -0.001 -12"><span class='ocrx_word' id='word_1_151' title='bbox 56 2562 116 2624; x_wconf 88' lang='lat' dir='ltr'>dnm</span> <span class='ocrx_word' id='word_1_152' title='bbox 130 2578 258 2626; x_wconf 83' lang='lat' dir='ltr'>curnam</span> <span class='ocrx_word' id='word_1_153' title='bbox 280 2569 450 2636; x_wconf 77' lang='lat' dir='ltr'>macerant,</span> <span class='ocrx_word' id='word_1_154' title='bbox 477 2569 509 2626; x_wconf 88' lang='lat' dir='ltr'>ct</span> <span class='ocrx_word' id='word_1_155' title='bbox 529 2563 642 2628; x_wconf 82' lang='lat' dir='ltr'>irnrtm</span> <span class='ocrx_word' id='word_1_156' title='bbox 663 2578 739 2630; x_wconf 84' lang='lat' dir='ltr'>sesa</span> <span class='ocrx_word' id='word_1_157' title='bbox 756 2562 956 2629; x_wconf 66' lang='lat' dir='ltr'>discruciant,</span> 
     </span>
     <span class='ocr_line' id='line_1_23' title="bbox 55 2666 955 2747; baseline 0.002 -17"><span class='ocrx_word' id='word_1_158' title='bbox 55 2667 98 2730; x_wconf 87' lang='lat' dir='ltr'>Sic</span> <span class='ocrx_word' id='word_1_159' title='bbox 111 2668 188 2732; x_wconf 81' lang='lat' dir='ltr'>anim</span> <span class='ocrx_word' id='word_1_160' title='bbox 202 2669 415 2746; x_wconf 79' lang='lat' dir='ltr'>praescribunt</span> <span class='ocrx_word' id='word_1_161' title='bbox 427 2666 680 2747; x_wconf 71' lang='lat' dir='ltr'>carthusianitiz</span> <span class='ocrx_word' id='word_1_162' title='bbox 697 2668 765 2735; x_wconf 82' lang='lat' dir='ltr'>Non</span> <span class='ocrx_word' id='word_1_163' title='bbox 775 2676 824 2734; x_wconf 83' lang='lat' dir='ltr'>cat</span> <span class='ocrx_word' id='word_1_164' title='bbox 835 2669 955 2734; x_wconf 82' lang='lat' dir='ltr'>odanda</span> 
     </span>
     <span class='ocr_line' id='line_1_24' title="bbox 56 2774 1004 2860; baseline 0.003 -24"><span class='ocrx_word' id='word_1_165' title='bbox 56 2789 131 2846; x_wconf 76' lang='lat' dir='ltr'>cmo,</span> <span class='ocrx_word' id='word_1_166' title='bbox 156 2774 277 2838; x_wconf 75' lang='lat' dir='ltr'>etiamsi</span> <span class='ocrx_word' id='word_1_167' title='bbox 304 2775 344 2839; x_wconf 86' lang='lat' dir='ltr'>sit</span> <span class='ocrx_word' id='word_1_168' title='bbox 370 2774 450 2838; x_wconf 85' lang='lat' dir='ltr'>inmo</span> <span class='ocrx_word' id='word_1_169' title='bbox 471 2775 671 2842; x_wconf 81' lang='lat' dir='ltr'>moriendum.</span> <span class='ocrx_word' id='word_1_170' title='bbox 711 2774 750 2849; x_wconf 76' lang='lat' dir='ltr'>Et</span> <span class='ocrx_word' id='word_1_171' title='bbox 767 2775 831 2848; x_wconf 87' lang='lat' dir='ltr'>boc</span> <span class='ocrx_word' id='word_1_172' title='bbox 852 2775 953 2860; x_wconf 80' lang='lat' dir='ltr'>possi·</span> <span class='ocrx_word' id='word_1_173' title='bbox 999 2781 1004 2792; x_wconf 95' lang='grc'>’</span> 
     </span>
     <span class='ocr_line' id='line_1_25' title="bbox 55 2873 1007 2960; baseline 0.004 -20"><span class='ocrx_word' id='word_1_174' title='bbox 55 2895 126 2940; x_wconf 86' lang='lat' dir='ltr'>mum</span> <span class='ocrx_word' id='word_1_175' title='bbox 152 2886 214 2953; x_wconf 86' lang='lat' dir='ltr'>cst,</span> <span class='ocrx_word' id='word_1_176' title='bbox 251 2880 335 2958; x_wconf 84' lang='lat' dir='ltr'>qnod</span> <span class='ocrx_word' id='word_1_177' title='bbox 369 2879 400 2945; x_wconf 91' lang='lat' dir='ltr'>in</span> <span class='ocrx_word' id='word_1_178' title='bbox 432 2881 545 2948; x_wconf 83' lang='lat' dir='ltr'>taiibm</span> <span class='ocrx_word' id='word_1_179' title='bbox 576 2883 953 2960; x_wconf 68' lang='lat' dir='ltr'>qmcmot&#39;sonotitatcm,</span> <span class='ocrx_word' id='word_1_180' title='bbox 1002 2873 1007 2882; x_wconf 89' lang='lat'><em>&#39;</em></span> 
     </span>
     <span class='ocr_line' id='line_1_26' title="bbox 55 2983 954 3070; baseline 0.006 -25"><span class='ocrx_word' id='word_1_181' title='bbox 55 2983 133 3062; x_wconf 85' lang='lat' dir='ltr'>quusi</span> <span class='ocrx_word' id='word_1_182' title='bbox 159 2984 299 3048; x_wconf 83' lang='lat' dir='ltr'>diabolus</span> <span class='ocrx_word' id='word_1_183' title='bbox 326 2985 396 3064; x_wconf 87' lang='lat' dir='ltr'>ipsc</span> <span class='ocrx_word' id='word_1_184' title='bbox 422 3003 484 3049; x_wconf 91' lang='lat' dir='ltr'>uon</span> <span class='ocrx_word' id='word_1_185' title='bbox 515 2990 628 3066; x_wconf 79' lang='lat' dir='ltr'>possit</span> <span class='ocrx_word' id='word_1_186' title='bbox 643 2989 694 3070; x_wconf 77' lang='lat' dir='ltr'>cic·</span> <span class='ocrx_word' id='word_1_187' title='bbox 709 3004 790 3056; x_wconf 50' lang='lat' dir='ltr'>‘ccco</span> <span class='ocrx_word' id='word_1_188' title='bbox 818 2995 954 3062; x_wconf 66' lang='lat' dir='ltr'>sanctus,</span> 
     </span>
     <span class='ocr_line' id='line_1_27' title="bbox 55 3091 983 3187; baseline 0.002 -35"><span class='ocrx_word' id='word_1_189' title='bbox 55 3091 98 3168; x_wconf 89' lang='lat' dir='ltr'>qni</span> <span class='ocrx_word' id='word_1_190' title='bbox 113 3091 200 3154; x_wconf 87' lang='lat' dir='ltr'>ctiam</span> <span class='ocrx_word' id='word_1_191' title='bbox 219 3107 280 3154; x_wconf 89' lang='lat' dir='ltr'>non</span> <span class='ocrx_word' id='word_1_192' title='bbox 301 3091 377 3156; x_wconf 89' lang='lat' dir='ltr'>bibit</span> <span class='ocrx_word' id='word_1_193' title='bbox 392 3094 503 3166; x_wconf 87' lang='lat' dir='ltr'>vinum,</span> <span class='ocrx_word' id='word_1_194' title='bbox 523 3111 581 3158; x_wconf 82' lang='lat' dir='ltr'>nac</span> <span class='ocrx_word' id='word_1_195' title='bbox 593 3093 733 3158; x_wconf 52' lang='lat' dir='ltr'>induitur*</span> <span class='ocrx_word' id='word_1_196' title='bbox 745 3110 881 3172; x_wconf 77' lang='lat' dir='ltr'>purpura</span> <span class='ocrx_word' id='word_1_197' title='bbox 895 3101 951 3156; x_wconf 86' lang='lat' dir='ltr'>cto.</span> <span class='ocrx_word' id='word_1_198' title='bbox 979 3171 983 3187; x_wconf 29' lang='grc' dir='ltr'>Ι</span> 
     </span>
     <span class='ocr_line' id='line_1_28' title="bbox 124 3195 953 3280; baseline 0.005 -22"><span class='ocrx_word' id='word_1_199' title='bbox 124 3195 199 3260; x_wconf 84' lang='lat' dir='ltr'>Dicit</span> <span class='ocrx_word' id='word_1_200' title='bbox 226 3213 316 3274; x_wconf 75' lang='lat' dir='ltr'>crgo:</span> <span class='ocrx_word' id='word_1_201' title='bbox 349 3199 453 3262; x_wconf 88' lang='lat' dir='ltr'>omnia</span> <span class='ocrx_word' id='word_1_202' title='bbox 479 3201 603 3280; x_wconf 82' lang='lat' dir='ltr'>quidam</span> <span class='ocrx_word' id='word_1_203' title='bbox 630 3207 742 3264; x_wconf 78' lang='lat' dir='ltr'>assam·</span> <span class='ocrx_word' id='word_1_204' title='bbox 760 3200 834 3270; x_wconf 86' lang='lat' dir='ltr'>mibi</span> <span class='ocrx_word' id='word_1_205' title='bbox 860 3202 953 3274; x_wconf 73' lang='lat' dir='ltr'>bono.</span> 
     </span>
     <span class='ocr_line' id='line_1_29' title="bbox 54 3301 953 3385; baseline 0.01 -23"><span class='ocrx_word' id='word_1_206' title='bbox 54 3301 112 3364; x_wconf 84' lang='lat' dir='ltr'>siva</span> <span class='ocrx_word' id='word_1_207' title='bbox 131 3301 296 3377; x_wconf 69' lang='lat' dir='ltr'>absonam,</span> <span class='ocrx_word' id='word_1_208' title='bbox 312 3305 395 3369; x_wconf 68' lang='lat' dir='ltr'>‹oivc</span> <span class='ocrx_word' id='word_1_209' title='bbox 421 3306 513 3370; x_wconf 82' lang='lat' dir='ltr'>adara</span> <span class='ocrx_word' id='word_1_210' title='bbox 533 3314 564 3370; x_wconf 88' lang='lat' dir='ltr'>et</span> <span class='ocrx_word' id='word_1_211' title='bbox 583 3306 702 3380; x_wconf 82' lang='lat' dir='ltr'>bibaro,</span> <span class='ocrx_word' id='word_1_212' title='bbox 730 3307 788 3370; x_wconf 84' lang='lat' dir='ltr'>sad</span> <span class='ocrx_word' id='word_1_213' title='bbox 814 3307 953 3385; x_wconf 82' lang='lat' dir='ltr'>passima</span> 
     </span>
     <span class='ocr_line' id='line_1_30' title="bbox 53 3403 952 3492; baseline 0.011 -24"><span class='ocrx_word' id='word_1_214' title='bbox 53 3405 125 3480; x_wconf 85' lang='lat' dir='ltr'>dunt</span> <span class='ocrx_word' id='word_1_215' title='bbox 144 3409 266 3489; x_wconf 87' lang='lat' dir='ltr'>quando</span> <span class='ocrx_word' id='word_1_216' title='bbox 284 3403 365 3476; x_wconf 88' lang='lat' dir='ltr'>addo</span> <span class='ocrx_word' id='word_1_217' title='bbox 379 3427 481 3476; x_wconf 82' lang='lat' dir='ltr'>mcum</span> <span class='ocrx_word' id='word_1_218' title='bbox 495 3413 664 3485; x_wconf 83' lang='lat' dir='ltr'>consitium.</span> <span class='ocrx_word' id='word_1_219' title='bbox 684 3413 768 3478; x_wconf 79' lang='lat' dir='ltr'>iiam</span> <span class='ocrx_word' id='word_1_220' title='bbox 783 3431 843 3478; x_wconf 90' lang='lat' dir='ltr'>uon</span> <span class='ocrx_word' id='word_1_221' title='bbox 861 3430 952 3492; x_wconf 85' lang='lat' dir='ltr'>prac-</span> 
     </span>
     <span class='ocr_line' id='line_1_31' title="bbox 54 3513 952 3599; baseline 0.012 -26"><span class='ocrx_word' id='word_1_222' title='bbox 54 3513 163 3592; x_wconf 80' lang='lat' dir='ltr'>soripsit</span> <span class='ocrx_word' id='word_1_223' title='bbox 181 3515 294 3599; x_wconf 90' lang='lat' dir='ltr'>iocum,</span> <span class='ocrx_word' id='word_1_224' title='bbox 314 3522 445 3598; x_wconf 83' lang='lat' dir='ltr'>tompus,</span> <span class='ocrx_word' id='word_1_225' title='bbox 466 3519 576 3594; x_wconf 86' lang='lat' dir='ltr'>cibum,</span> <span class='ocrx_word' id='word_1_226' title='bbox 597 3519 819 3595; x_wconf 80' lang='lat' dir='ltr'>abstinentiam,</span> <span class='ocrx_word' id='word_1_227' title='bbox 840 3527 871 3584; x_wconf 85' lang='lat' dir='ltr'>ct</span> <span class='ocrx_word' id='word_1_228' title='bbox 891 3536 952 3584; x_wconf 82' lang='lat' dir='ltr'>nos</span> 
     </span>
     <span class='ocr_line' id='line_1_32' title="bbox 112 3753 949 3852; baseline 0.002 -38"><span class='ocrx_word' id='word_1_229' title='bbox 112 3753 141 3824; x_wconf 86' lang='lat' dir='ltr'>x)</span> <span class='ocrx_word' id='word_1_230' title='bbox 158 3757 272 3814; x_wconf 69' lang='lat' dir='ltr'>Amr·</span> <span class='ocrx_word' id='word_1_231' title='bbox 289 3755 344 3814; x_wconf 78' lang='lat' dir='ltr'>rita</span> <span class='ocrx_word' id='word_1_232' title='bbox 360 3758 532 3852; x_wconf 47' lang='lat' dir='ltr'>arbitraria.</span> <span class='ocrx_word' id='word_1_233' title='bbox 574 3797 579 3816; x_wconf 52' lang='grc' dir='ltr'><em>ι</em></span> <span class='ocrx_word' id='word_1_234' title='bbox 602 3760 637 3831; x_wconf 72' lang='lat' dir='ltr'>y)</span> <span class='ocrx_word' id='word_1_235' title='bbox 654 3759 840 3819; x_wconf 71' lang='lat' dir='ltr'>lamiam</span> <span class='ocrx_word' id='word_1_236' title='bbox 857 3761 949 3818; x_wconf 79' lang='lat' dir='ltr'>obcer-</span> 
     </span>
     <span class='ocr_line' id='line_1_33' title="bbox 52 3848 952 3924; baseline 0.013 -24"><span class='ocrx_word' id='word_1_237' title='bbox 52 3848 165 3907; x_wconf 76' lang='lat' dir='ltr'>cutioncr.</span> <span class='ocrx_word' id='word_1_238' title='bbox 217 3852 428 3924; x_wconf 61' lang='lat' dir='ltr'>subcineritia</span> <span class='ocrx_word' id='word_1_239' title='bbox 483 3855 512 3924; x_wconf 82' lang='grc' dir='ltr'>ι)</span> <span class='ocrx_word' id='word_1_240' title='bbox 532 3853 952 3924; x_wconf 61' lang='lat' dir='ltr'>Gurtburirnorunrobrcrmtin.</span> 
     </span>
    </p>
   </div>
   <div class='ocr_carea' id='block_1_5' title="bbox 0 0 1158 4316">
    <p class='ocr_par' dir='ltr' id='par_1_6' title="bbox 0 0 1158 4316">
     <span class='ocr_line' id='line_1_34' title="bbox 0 0 1158 4316; baseline 0 2"><span class='ocrx_word' id='word_1_241' title='bbox 0 0 1158 4316; x_wconf 95' lang='lat' dir='ltr'> </span> 
     </span>
    </p>
   </div>
  </div>
 </body>
</html>
