2406 4322
307 243 310 250 ι
329 193 524 257 dadastanae
544 193 713 257 Salomonis.
923 183 989 280 253

71 376 178 440 tione?
195 375 288 462 ,llam
309 376 368 443 iste
389 393 501 445 sensus
522 377 631 466 luisset
652 375 774 438 abunde
795 376 841 439 sie
861 347 1006 456 err‘pres·¹

71 499 145 544 sus:
178 483 244 562 tlon
274 489 322 546 est
351 484 381 546 in
408 492 503 573 terra,
540 483 593 562 qui
619 500 684 570 non
708 489 829 560 peeeet,
850 475 896 544 ιι(
914 481 1010 568 ιιιιίᾱΙ

71 589 175 650 addit:
210 588 265 664 Qui
294 585 486 651 benefaciat?
520 588 613 664 Quasi
635 589 712 650 alius
736 588 908 674 sitjustus,
936 588 990 666 qui

70 695 165 774 laniat
191 693 289 756 male?
327 683 387 758 non
416 697 496 758 enim
522 695 581 776 nisi
606 693 708 771 justus
731 695 801 782 lacit
822 695 908 755 bene.
950 692 991 754 At

68 801 125 862 ubi
144 801 183 862 de
201 801 336 878 peccatis
353 808 440 870 extra
454 801 614 864 benefacto
629 801 769 878 loquitur,
791 799 837 862 sie
851 800 922 860 dicit
936 797 989 878 *ιε

70 905 236 984 Septies
228 923 257 970 m
278 907 328 968 die
351 907 567 984 caditJustus,
594 905 645 968 hia
666 923 725 968 non
748 905 834 967 dieit:
867 904 989 997 Septies
1085 919 1098 940 ‘

69 1011 100 1072 in
124 1012 175 1074 die
198 1011 416 1089 eaditjustus‚
440 1013 563 1090 quando
584 1011 744 1074 benefacit
1069 1071 1070 1076 ,

158 1117 300 1180 Secundo
333 1135 388 1196 per
416 1093 487 1180 illud
519 1114 869 1196 dominaberunt:
903 1115 990 1195 Quod

67 1225 153 1297 nolo
166 1226 287 1314 matum,
308 1222 369 1285 hoe
391 1241 465 1301 agn,
484 1224 568 1302 quod
592 1225 661 1285 volo
683 1223 806 1294 bonum,
827 1238 888 1284 non
910 1237 988 1298 ago;
1016 1275 1020 1282 ,
1063 1289 1071 1300 ,
1102 1299 1117 1318 ἱ

68 1337 99 1390 et
123 1331 216 1392 inira:
253 1330 450 1402 Condeleetor
471 1330 531 1406 legi
552 1329 607 1390 Dei
630 1305 795 1392 seeundum
818 1327 990 1390 Interiorem

68 1435 238 1509 hominem,
260 1436 352 1498 video
373 1443 474 1498 autern
497 1435 584 1498 aliam
603 1437 705 1511 ,regan
726 1435 755 1496 in
778 1427 1011 1524 membris⁴*'*)'¹

68 1543 166 1615 meis,
188 1547 407 1619 repugnantem
429 1542 488 1618 legi
510 1541 619 1602 mentis
641 1551 738 1607 meae.
782 1535 888 1613 Eece,
899 1539 990 1602 simul

68 1648 241 1712 delectatur
264 1655 294 1710 et
312 1647 488 1724 displicet'
481 1665 510 1708 m
531 1647 601 1722 lege
621 1645 685 1708 Dei.
725 1644 825 1710 Simul
847 1647 911 1706 vult
931 1646 988 1738 bo·

68 1771 153 1814 num
176 1733 345 1816 seeundum
372 1753 525 1849 spiritum
541 1757 582 1822 tet
611 1761 712 1817 tumen
740 1751 800 1816 hoe
827 1767 887 1814 non
912 1729 987 1844 agit

68 1861 128 1922 sed
150 1850 341 1946 contrarium.
384 1843 449 1922 Hae
476 1860 579 1940 itaque
606 1859 788 1922 eontrarium
810 1865 858 1922 est
878 1859 986 1920 nolun-

68 1973 135 2036 taS,
166 1966 238 2044 qnia
267 1972 477 2042 sumnonem,
506 1965 881 2042 quandaestvoluntas.
930 1965 987 2027 Per

68 2070 154 2132 hane
176 2073 254 2132 bene
276 2071 362 2142 lacit,
384 2078 414 2131 et
435 2087 489 2148 per
510 2072 589 2132 illam
612 2071 691 2132 male
713 2071 791 2151 saeit.
833 2069 918 2132 Nolle
939 2077 987 2132 est

68 2193 111 2237 ex
133 2193 239 2249 earne,
268 2183 299 2237 et
328 2176 601 2252 vette'eitsprrttu.
645 2177 717 2239 ideo
739 2183 854 2237 tantum
875 2177 918 2238 ibi
940 2185 988 2238 est
1089 2243 1092 2252 ,

72 2282 201 2360 peceati,
223 2288 381 2364 quantum
382 2283 554 2364 uoluntatis
572 2282 770 2369 difficultatis,
784 2283 988 2368 necessitatis

70 2388 281 2484 resistendas,
310 2394 341 2448 et
367 2393 482 2474 tantum
511 2389 553 2449 ibi
575 2389 686 2478 meriti,
697 2358 860 2476 quantum
881 2391 988 2452 volun-

71 2495 161 2566 tatis,
185 2494 389 2579 prauitatis
393 2493 554 2566 libertatis,
582 2492 750 2588 hilaritatis.
793 2494 887 2556 mixta
908 2497 998 2578 enimv
1106 2544 1110 2552 ,
1172 2507 1179 2528 ·

73 2607 145 2664 sunt
165 2597 245 2660 haee
259 2599 351 2662 duo'
343 2616 373 2660 m
388 2600 468 2660 omni
487 2598 547 2660 vita
569 2606 599 2660 et
615 2615 708 2676 opere
728 2607 842 2663 nostro.
871 2601 987 2677 Quodsi

73 2706 114 2767 sit
136 2713 199 2768 tola
220 2705 375 2777 noluntas,
399 2703 464 2780 iarn
490 2704 532 2765 ibi
560 2713 608 2768 est
629 2714 788 2783 peceatum
811 2709 937 2769 mortale
958 2711 990 2772 el

73 2811 205 2874 aversio.
249 2809 328 2874 Tota
348 2817 456 2874 autem·
471 2812 640 2873 voluntas
633 2829 661 2876 m
684 2811 743 2875 hae
765 2813 826 2874 vita
850 2830 910 2876 non
933 2821 989 2888 est,

73 2917 143 2978 ideo
176 2932 299 2994 semper
330 2932 510 2996 peccamus,
550 2916 621 2978 dum
659 2917 882 2992 benefacimus
920 2921 990 2985 lieet

73 3021 260 3102 quandoque
286 3022 403 3096 mmm,
434 3022 620 3102 quandoque
647 3025 755 3101 magis.
797 3009 883 3087 Haeo
909 3025 990 3090 enim

73 3136 121 3188 est
143 3143 255 3200 eausa,
278 3143 373 3204 quare
395 3144 454 3190 non
477 3127 518 3204 sit
533 3127 638 3204 justus
658 3129 688 3190 in
710 3139 801 3213 terra,
825 3131 877 3209 qui
898 3132 1011 3221 faeiat*

72 3235 175 3311 bene„
198 3239 229 3295 et
261 3250 321 3295 non
354 3240 469 3310 peccet
497 3224 573 3298 'Est
601 3243 701 3298 eutem
728 3235 796 3299 tatis
822 3233 930 3313 iustus
958 3239 1008 3304 in*
1069 3230 1071 3242 '

71 3336 158 3400 coeto
182 3338 402 3403 tantummodo.
445 3338 530 3400 Sicut
552 3355 626 3416 ergo
646 3339 740 3407 homo
764 3344 830 3406 sine
851 3345 910 3408 ista
931 3362 988 3407 no·

72 3446 188 3508 lentate
208 3461 269 3506 non
291 3451 354 3518 est,
383 3444 425 3532 ita
445 3461 502 3508 nee
524 3443 590 3508 sine
614 3461 653 3508 ea
673 3433 824 3524 operatua
865 3451 911 3512 Aa
932 3465 988 3543 per
1119 3515 1126 3522 ,
1197 3473 1200 3484 ·

143 3693 174 3764 *)
196 3691 320 3749 Proverb.
341 3691 383 3748 rt.
438 3695 483 3762 “)
502 3695 555 3754 Lex
574 3697 601 3750 iu
619 3667 743 3755 mantin
761 3713 911 3770 repugnem
928 3699 984 3776 legi

72 3791 176 3846 mentia.
207 3789 315 3844 Roman.
333 3788 359 3844 7.
