2406 4322
476 111 500 158 Ν
559 163 564 168 .

387 259 601 343 ¹crasiano.
924 255 987 325 213

65 455 348 568 pacurano
386 488 429 569 n.
463 429 663 570 anunm
695 487 906 573 curarat
938 491 986 574 nt
1095 527 1098 532 -

254 609 464 692 crunon
490 610 811 695 oaurrooaun.
883 653 888 664 -

150 797 182 856 In
204 795 264 858 hoc
286 794 440 860 Canticum
466 800 548 876 regis
571 798 744 861 Salomonis
767 799 850 861 multi
873 800 984 876 varias,

64 917 184 980 easque
205 901 437 981 intempestivas
461 895 491 966 et
512 904 707 984 prodigiosas
722 905 983 983 interpretationes

64 1007 228 1070 commenti
251 1017 328 1072 sunt.
372 1009 486 1072 Verum
517 1018 550 1073 ut
572 1025 664 1090 quam
687 1010 932 1089 simplicissimus
951 1021 985 1093 et
1034 1016 1046 1049 ·'

64 1131 238 1190 gemmans.
253 1113 345 1191 hujus
367 1115 434 1177 libri
456 1133 567 1181 sensus
583 1115 622 1196 l)
646 1125 818 1197 quaeratur,
840 1119 1005 1193 existimo¹
1098 1165 1101 1174 .

61 1237 137 1284 esse
159 1219 311 1298 ejusmodi
332 1219 504 1300 Canticum,
531 1224 561 1284 in
590 1240 652 1301 quo
675 1219 820 1287 Salomon
840 1225 983 1288 laudibus

59 1326 162 1389 Deum
190 1328 336 1403 celebret,
364 1329 454 1407 eique
483 1346 539 1409 pro
562 1330 725 1393 constituto
753 1338 784 1393 et
804 1330 982 1394 confirmato

59 1431 209 1516 divinitus
229 1451 324 1512 regno
348 1450 384 1497 ac
405 1435 510 1514 politia
533 1452 590 1498 sua
613 1437 726 1514 gratias
749 1445 834 1515 agat,
867 1445 897 1500 et
918 1444 983 1501 oret

59 1557 118 1618 pro
148 1539 286 1618 ejusdem
315 1542 400 1619 regni
432 1544 479 1604 sui
512 1543 745 1606 conservatione
772 1551 802 1606 ct
830 1561 983 1622 propaga·

58 1647 331 1727 tione‚.simulque
350 1650 525 1711 consoletur
544 1648 662 1712 incolas
683 1656 715 1711 et
736 1649 821 1712 cives
843 1649 983 1726 ejusdem

56 1753 162 1831 regni,
191 1765 222 1816 ut
249 1755 278 1816 'n
306 1755 526 1818 tentationibus
556 1763 586 1818 et
612 1756 706 1818 rebus
735 1754 875 1817 adversis
900 1755 984 1819 bono

57 1860 164 1923 animo
187 1861 255 1933 sint,
278 1868 307 1923 et
328 1861 393 1922 Deo
415 1861 576 1935 confidant,
598 1862 651 1942 qui
673 1860 835 1927 detondere
857 1856 887 1924 el
908 1862 982 1925 libe-

54 1983 129 2028 rare
159 1974 308 2045 perpetuo
338 1969 436 2031 soleat
465 1985 557 2041 suos,
601 1967 638 2029 ad
669 1985 704 2030 se
731 1971 897 2031 clamantes
926 1977 982 2030 etc.

53 2072 323 2149 Quemadmodum
348 2081 449 2136 autem
463 2073 568 2136 Moses
583 2073 679 2136 Exod.
694 2071 807 2154 15.**)
832 2075 982 2137 canticum

55 2195 153 2242 suum
175 2179 214 2240 de
235 2181 285 2243 illo
304 2197 406 2259 opere,
428 2179 511 2261 quod
533 2187 596 2244 tum
619 2179 711 2242 fiebat
732 2180 761 2243 in
782 2181 858 2242 mari
879 2180 981 2256 rubro,

55 2287 249 2365 composuit,
279 2293 309 2351 ct
330 2287 433 2351 omnia
454 2287 585 2359 cantica,
608 2287 740 2366 quaein
762 2287 860 2349 saeris
883 2286 978 2364 literis

53 2399 192 2466 exstant,
214 2393 253 2454 ad
276 2397 402 2458 sunium
416 2403 588 2473 temporum
602 2391 747 2455 historias
768 2391 886 2456 directa
902 2377 980 2466 sunl,

51 2500 148 2578 quale
162 2507 209 2562 est
223 2501 373 2564 canticum
392 2500 540 2574 Deboraa
554 2495 752 2590 iudom),
767 2498 838 2561 item
852 2499 981 2562 Hannae
1091 2584 1094 2588 ⁸

53 2602 178 2696 13Reg.
195 2601 224 2668 2.
233 2603 332 2686 aas)
349 2615 379 2670 et
393 2610 540 2688 pleraque
557 2607 624 2680 alia,
640 2613 670 2667 et
684 2603 782 2682 major
798 2605 889 2667 etiam
905 2604 978 2683 par's

54 2713 258 2791 psalmomm,
281 2711 419 2792 exceptis
441 2714 513 2788 illis,¹
531 2713 582 2792 qui
605 2709 784 2791 prophetias
807 2711 845 2772 de
859 2709 980 2773 Christo

54 2797 306 2894 continen't„ita
338 2812 420 2883 haud
457 2807 549 2881 dubie
585 2824 616 2879 et
644 2817 788 2880 Salomon
823 2803 979 2879 Canticum

53 2925 131 2988 illud
153 2923 279 3004 scripsit
302 2905 351 2987 'de
365 2941 460 3003 regno
489 2905 519 2988 et
540 2924 646 3007 politia
667 2939 739 2998 sua,
769 2921 851 3002 quod
873 2915 986 3010 benig-'

53 3032 153 3093 nitate
181 3017 301 3092 D'ei'in
334 3023 537 3108 pulcherrima
566 3047 603 3093 ac
630 3029 797 3092 laetissima
832 3045 910 3108 pace
943 3023 986 3122 ac'

53 3153 182 3200 summa
204 3135 420 3218 tranquillitate
442 3137 674 3226 administravit
694 3136 772 3198 sicut
793 3136 854 3198 ista
875 3115 977 3198 omnia

52 3261 94 3307 ex
116 3223 297 3322 ipso'lcntu
318 3244 473 3321 patebunt.
559 3240 572 3251 ''
634 3243 637 3254 '
680 3241 685 3250 '
881 3221 976 3251 ’

141 3351 238 3412 Porro
261 3367 330 3412 cum
352 3367 441 3413 omne
465 3367 605 3428 reguum,
635 3331 823 3427 principatus
845 3359 901 3411 seu
922 3359 979 3427 po·

52 3457 133 3530 titia
161 3457 291 3520 verbum
320 3463 349 3518 et
378 3473 484 3518 verum
511 3458 623 3530 cultum
646 3455 700 3516 Dei
721 3453 855 3527 habens,
885 3456 979 3518 multa

55 3559 257 3625 incommoda
270 3551 512 3646 cogaturlerre,
533 3561 593 3625 hoc
615 3567 670 3635 est,
692 3561 851 3625 ludibrium
874 3566 904 3624 et
924 3562 979 3624 ab·
990 3620 1007 3664 ,

130 3767 163 3838 ¹⁸)
183 3769 385 3838 masnadam*
397 3765 468 3822 rna.
507 3765 555 3835 u)
574 3764 659 3820 uxor.
680 3763 723 3820 rs.
762 3763 829 3846 w)
847 3763 931 3822 rutro.
950 3766 976 3822 s.

54 3862 146 3933 m⁸)
168 3863 183 3918 1
202 3861 268 3933 neg.
287 3862 314 3918 2.

82 3954 180 4002 law
192 3951 462 4014 oppoununtur
726 3943 768 4016 18
