2386 4316
356 251 467 328 'caulei
489 267 679 330 carucarum.
715 263 739 294 ¹¹
916 261 979 332 325
1051 232 1058 237 ῃ

47 449 140 528 quod
175 449 266 512 video
283 447 480 511 Salomonem
501 417 563 512 tam
585 445 736 510 suavibus
755 445 861 524 figuris
894 423 981 526 loqui

47 557 92 618 de
116 556 247 618 summis
270 555 373 626 danis,
404 570 485 633 quae
505 555 588 617 Deus
617 569 676 616 eon
711 555 743 615 lit
770 552 884 632 populo
907 569 976 617 suo.

102 721 104 726 ,
138 663 244 725 llam
265 661 579 740 insigne-exemplum
601 668 668 738 grat
713 660 791 744 dinis
813 661 902 746 uobis
926 660 978 723 hie
1074 710 1075 716 ,

51 769 95 830 sit
127 769 332 858 propositum.
374 768 475 847 Atque
496 768 612 856 uliuam
639 781 700 829 uos
723 783 848 848 quoque
879 763 977 829 Deum

49 881 194 937 nostrum
223 875 270 937 sie
290 874 430 951 laudare,
464 873 511 938 sia
524 934 526 942 ,
540 875 570 936 ei
591 877 710 952 gratius
728 890 819 954 agere
842 873 976 938 discere·
1078 924 1081 932 ,

51 997 142 1054 mus,
186 988 224 1049 ut·
262 997 348 1068 aum:
371 982 614 1068 appellaremus.
638 984 733 1069 solem
768 987 906 1044 nostrum
925 975 975 1057 i)‚

51 1073 203 1160 amicum,
234 1085 397 1162 ecelesiam
425 1095 528 1152 autem
549 1104 638 1154 auam
661 1103 819 1168 capream,
852 1092 976 1167 pastam

50 1193 183 1256 iloribus
204 1199 261 1256 ete.

52 1381 197 1478 Vadam
220 1381 264 1444 ad
282 1389 447 1460 montem
469 1380 670 1488 myrrham
694 1367 734 1462 et
761 1381 807 1444 ad
835 1355 973 1445 collem

443 1487 590 1551 thuris

135 1659 203 1723 liae
225 1674 281 1722 eeu
302 1659 508 1739 epiphonema
529 1669 591 1735 est,
620 1674 682 1741 quo
704 1659 856 1750 eoneludil
878 1675 970 1724 anao-

50 1767 149 1829 mium
184 1767 224 1828 de
253 1769 419 1832 ministerio
446 1767 531 1830 verbi
560 1766 677 1830 imbue
705 1769 820 1847 populo
851 1767 969 1830 institu-

51 1869 195 1953 tumss).
225 1873 384 1938 Hactenus·
403 1873 483 1936 enim
504 1874 657 1936 recensuit
678 1875 740 1936 lare
763 1875 873 1936 omnia
887 1872 973 1934 verbi

52 1977 168 2054 officia,
184 1967 265 2057 uuae
280 1981 385 2054 oeulis,
397 1981 546 2052 dentibus
561 1981 670 2058 capillo
683 1984 974 2058 eta'eemparantur.

136 2085 223 2149 Nune
257 2065 339 2148 hane
371 2085 462 2164 quasi
492 2084 740 2150 acclamationem
774 2086 874 2148 addit:
907 2085 974 2146 Hoc

51 2199 139 2256 tuum
181 2193 293 2284 domum
346 2185 420 2253 mibi
458 2197 505 2254 est
540 2191 635 2254 instar
665 2191 798 2265 montis,
825 2193 871 2254 ,in
911 2208 973 2270 quo

53 2297 180 2378 myrrha
203 2306 233 2360 et
253 2294 427 2376 thusffll
449 2299 626 2361 suavissimi
641 2297 971 2377 tructus‚'pr0veuiunt.
997 2341 999 2350 .

51 2405 97 2476 lbi
119 2405 266 2493 manebo,
294 2405 337 2465 ibi
358 2405 518 2467 obleetabo
541 2421 607 2480 me,
640 2405 737 2467 donee
768 2407 883 2484 aspiret
903 2404 971 2466 dies
1067 2395 1071 2402 ’
1186 2489 1187 2496 ¹

52 2519 84 2608 et
115 2511 293 2600 inclinentur
322 2511 455 2572 umbrae.
498 2510 564 2572 Non
592 2511 745 2572 fastidiam
775 2511 855 2572 dona
882 2509 970 2582 haec,

54 2634 117 2681 nou
140 2633 286 2697 quaeram
306 2619 403 2690 noua,
433 2617 512 2679 sieut
540 2618 692 2680 fastidiosi
713 2617 839 2695 spiritus
861 2616 968 2680 solent.
1068 2639 1071 2650 ·

54 2727 173 2802 Quanto
196 2725 276 2786 enim
297 2722 394 2800 magis
417 2723 529 2797 aditur,
549 2720 672 2798 bibitur,
695 2723 828 2798 videtur,
851 2723 971 2785 auditur

53 2831 134 2894 baeu
161 2831 313 2903 doctrina,
348 2837 431 2892 tanto
458 2830 557 2907 magis
586 2832 684 2904 sitire,
713 2830 829 2892 esurire
857 2829 970 2892 debent
1072 2887 1077 2891 .

55 2925 338 3016 auditoresifflt,
366 2943 396 2998 et
418 2941 539 3014 optare,
565 2945 598 2999 ut
619 2943 769 3016 perpetuo
791 2933 865 2997 nihil
887 2929 973 2997 aliud¹
1007 2975 1013 2982 ,

55 3061 155 3123 neque
178 3044 292 3117 audire,
312 3060 370 3107 uee
391 3042 495 3106 videre
515 3043 613 3104 liceat.
643 3042 699 3118 Qui
719 3041 803 3104 hune
825 3029 968 3103 aiie'etum

55 3168 117 3214 uon
135 3149 257 3224 habeut,
279 3150 391 3240 nullum
413 3165 519 3210 verum
542 3151 666 3226 gustum
687 3147 772 3211 verbi
793 3148 848 3208 Dei
869 3147 969 3209 habu·

58 3263 151 3330 emm,
173 3256 369 3336 quantumvis
390 3256 516 3318 mullum
538 3254 577 3316 de
598 3269 636 3316 eo
658 3253 771 3332 garrire
792 3253 899 3342 norint.

136 3353 457 3442 Myrrhasymbolum
482 3360 569 3424 verbi
591 3366 654 3436 aab
680 3359 875 3429 thus‘autem
898 3375 969 3424 ora·

57 3469 153 3534 tionis.
233 3507 236 3514 .
837 3494 839 3501 ·

63 3646 272 3668 m

25 3801 29 3807 ,
126 3763 157 3834 ·)
187 3763 259 3818 Deus
296 3760 344 3816 sal·
373 3768 473 3818 uerter.
558 3757 606 3829 ”*)
638 3757 691 3813 aa
708 3755 853 3822 ministeriu
883 3759 967 3814 verbi.

60 3857 126 3932 m)
146 3859 250 3930 Myrrha
269 3865 296 3912 el
313 3857 382 3913 llrus.
438 3855 523 3927 ml)
543 3855 608 3910 Veri
627 3853 862 3913 auditoremverbb

132 3937 135 3944 ι
