2484 4320
260 231 304 303 Μ
483 279 487 286 ,
592 247 832 334 &palpantum

257 419 327 500 ipse
353 423 437 498 aliis,
463 425 620 489 utilitatem
648 428 720 491 item
747 430 857 508 ancipit
884 447 923 493 ex
953 432 1030 494 aliis.
1081 433 1151 496 Valet

256 530 337 590 enim
358 529 438 594 haee
457 534 638 607 eommunia,
659 543 693 598 nt
712 536 792 612 dixi,
814 537 853 599 ad
875 555 926 600 res
947 537 1110 600 servandas
1127 549 1151 601 at

256 636 423 714 augendas
466 639 532 701 Hoc
552 649 600 702 est
621 642 705 720 quod
726 643 824 706 addit:
953 652 968 710 .'
1120 649 1123 654 '

336 741 402 805 Non
423 742 518 808 habet
531 747 751 812 sublevantem.
793 750 882 810 item:
903 747 989 812 Unus
1011 751 1149 828 quomoda

255 847 394 911 edefleti
435 851 500 914 Non
522 851 615 916 habet
635 854 793 927 auxilium,
820 872 880 918 nnn
903 856 1074 929 consilium,
1100 873 1149 918 nnn

254 957 494 1020 consolationem
523 960 553 1020 in
580 959 752 1024 alllictinne.
802 960 880 1037 Quid
907 959 1014 1033 habet,
1042 963 1148 1040 quanda

253 1063 340 1124 solus
368 1057 429 1126 eibi
458 1068 645 1144 congregati
685 1074 841 1144 spectator
871 1074 985 1131 tantum
1015 1069 1147 1146 pecuniae

252 1182 310 1230 eeu
329 1168 429 1247 pictae
450 1172 591 1234 tabellae

330 1333 452 1399 Funis
472 1337 621 1417 triplex
642 1337 863 1400 dillieulter
883 1323 1077 1416 rnmpitur.

329 1490 487 1554 Admiseet
506 1493 702 1573 proverbium
723 1494 887 1572 egregium,
914 1500 948 1556 ut
968 1493 1043 1554 intra
1061 1507 1142 1574 saepe
1184 1501 1187 1512 “

246 1597 334 1672 iacit,
361 1598 455 1678 idqne
482 1616 540 1680 pro
570 1600 747 1662 moretoni
769 1599 1002 1662 concionatoris.
1042 1599 1142 1662 Sensus

247 1712 311 1768 est:
348 1704 457 1766 Melius
489 1713 539 1767 est
568 1723 642 1768 esse
676 1705 782 1768 socios
813 1713 843 1766 et
874 1705 930 1766 irni
963 1707 1142 1788 communiter

169 1793 178 1810 ’
246 1811 356 1884 rebus,
383 1827 475 1892 qnam
497 1828 571 1874 esse
591 1828 718 1874 avarum
748 1811 933 1886 solitarium,
960 1811 1018 1874 sibi
1044 1818 1139 1874 tantun

248 1924 407 1980 caventem
434 1925 465 1980 et
490 1918 668 1996 rapientem.
709 1918 742 1980 In
771 1919 919 1990 societate
947 1925 994 1979 est
1023 1925 1138 1980 mutuum
1194 1909 1195 1950 ³

247 2026 407 2096 auxilium,
434 2025 604 2086 eommunis
625 2041 734 2102 opera,
755 2039 915 2086 commune
936 2025 1080 2096 solatium,
1097 2025 1137 2086 ubi

246 2131 332 2194 avari
354 2131 416 2192 vita
437 2129 563 2202 misera,
590 2131 689 2194 inanis
710 2137 741 2192 et
762 2108 875 2192 attilata
895 2137 957 2202 est,
987 2136 1018 2192 et
1036 2099 1136 2192 tandem

244 2238 363 2314 angitur
392 2236 505 2298 misere
532 2237 639 2315 perire.
692 2236 761 2299 Hoc
794 2252 866 2314 ergo
902 2235 1055 2298 confirmat
1079 2253 1135 2316 pro·
1193 2267 1194 2324 i

244 2343 367 2428 verbin,
388 2341 472 2423 qnod
492 2341 565 2404 hine
585 2341 706 2404 videtur
724 2348 895 2420 sumptum:
924 2350 1011 2420 pater
1030 2341 1132 2422 qnidam

243 2448 379 2528 prudens
400 2449 565 2513 moriturus
581 2447 669 2525 jubet
689 2448 802 2511 adesse
824 2447 913 2520 lilios,
933 2448 1044 2528 quibus
1063 2447 1133 2510 tradit

244 2556 399 2634 virgarum
420 2555 598 2618 fasciculum
624 2553 835 2632 frangendum.
875 2553 958 2630 Quas
979 2571 1044 2616 cum
1063 2554 1133 2616 simul
1192 2595 1193 2642 3

177 2655 188 2684 '
242 2678 349 2726 omnes
365 2663 504 2738 mansere
524 2677 585 2724 non
605 2668 742 2739 possent
764 2661 917 2737 fregerunt
931 2667 1030 2720 tamen
1051 2661 1132 2736 singu·
1192 2661 1193 2680 ³

238 2769 296 2832 ias.
339 2767 391 2830 Sia
412 2767 461 2829 itte
472 2765 603 2830 docebat
622 2765 712 2839 filios,
735 2765 841 2829 firmas
864 2767 927 2830 tore
947 2782 1050 2828 eorum
1066 2781 1131 2844 opes,

225 2873 268 2950 ,si
298 2873 469 2938 concordes
496 2880 602 2936 essent
631 2880 662 2934 et
690 2878 793 2946 mutuo
821 2889 857 2934 se
879 2871 1027 2950 iuvarent
1071 2869 1130 2934 Gon·

240 2980 346 3043 cordia
362 2980 441 3042 enim
453 2995 504 3042 res
517 2994 632 3058 parvas
646 2994 796 3053 creseere,
810 2976 965 3042 discordia
977 2976 1011 3056 x)
1027 2974 1130 3039 distrahi

241 3096 273 3150 et
293 3086 394 3149 dilabi.

239 3251 414 3315 Prudens
451 3266 546 3330 pner
580 3259 617 3313 et
650 3249 816 3328 sapiens
851 3257 1035 3329 praestat
1064 3247 1129 3323 regi

145 3437 148 3444 Ι
240 3357 325 3421 seni
363 3365 401 3420 et
436 3357 577 3431 stulto,
612 3356 679 3436 qni
708 3372 783 3419 non
815 3354 1129 3435 providimpa

623 3470 779 3526 starum.

323 3618 412 3680 Aliud
442 3635 540 3696 genus
570 3619 651 3679 vitae
679 3624 752 3696 post
772 3633 899 3682 avaros:
937 3615 998 3696 sibi
1024 3624 1051 3679 et
1077 3614 1127 3678 aliia

174 3829 183 3850 ⁸
296 3843 349 3918 ’ῃ
369 3845 524 3904 mnam..
556 3847 702 3904 namra.
786 3839 788 3847 '
