2406 4322
294 250 296 254 ῃ
349 255 722 348 Εοοὶοιίιιιιοὸιίοιιοιιίι.
749 319 751 326 -
928 267 993 342 555

80 465 180 544 lignos
204 425 409 530 enuntiamus.
452 466 581 530 Parvam
602 463 756 528 stultitiam
778 465 895 534 voert,
911 473 992 538 qaae

80 580 129 633 est
153 572 257 649 exigui
277 573 432 650 temporis,
453 574 531 636 siout
551 577 662 650 poetae
681 568 783 645 aiunt:
805 568 837 630 la
857 565 927 628 loeo
941 565 996 627 de-

81 677 185 754 sipere
198 677 233 756 x)
256 693 329 741 esse
350 693 501 742 summam
523 675 703 756 sapientium
719 669 808 752 ²⁰4).
850 672 921 734 ldeo
942 669 996 733 ubi

79 783 208 845 rideris
226 785 350 862 impium
379 785 559 846 nebulonem
595 781 772 862 praevalere
802 779 833 840 in
860 777 996 850 coasilio,

78 905 107 967 ru
130 897 242 952 senatu
263 899 339 962 ete,
367 897 399 952 tu
431 890 506 952 eede
527 897 579 953 tuo
592 883 742 960 oonsilio,
769 891 800 948 et
821 884 925 948 omitte
946 899 998 946 sa·
1053 965 1056 969 ι

79 994 242 1070 pientiam,
272 997 344 1073 quia
367 996 453 1058 vides
475 1013 543 1058 eam
564 1011 625 1058 non
655 1009 728 1056 esse
754 1000 870 1070 gratam
897 1005 999 1069 neque

79 1107 109 1159 te
141 1100 318 1164 diserueies.
362 1101 468 1176 llelius
498 1109 607 1163 estut
634 1100 758 1177 paulum
787 1097 938 1174 desipias,
968 1105 998 1160 et

77 1206 168 1268 sinus
191 1207 260 1268 illos
277 1223 402 1284 pergere
416 1223 474 1268 suu
496 1205 630 1280 stultitia,
651 1205 723 1283 quia
745 1212 773 1294 te
789 1219 848 1265 nou
865 1202 997 1275 audant,

77 1311 199 1374 viribus
235 1329 294 1374 aon
328 1313 442 1390 poteris
478 1327 689 1390 perrumpere;
722 1311 833 1372 stultus
850 1314 885 1386 a)
916 1309 997 1371 enim

77 1417 173 1502 nullis
195 1415 326 1480 flectitur
346 1417 496 1490 consiliis,
517 1418 577 1479 nisi
599 1415 713 1478 dixeris
735 1420 998 1496 quae'versanlur

76 1523 106 1583 in
131 1523 227 1584 corde
256 1539 323 1586 suo.
365 1525 456 1600 Igitur
486 1522 605 1585 sinendi
626 1530 710 1592 sunt,
740 1530 902 1608 postquam
925 1538 998 1584 con·

77 1625 204 1690 soluisti
241 1637 271 1690 et
300 1628 396 1690 iecisti
434 1643 514 1706 quae
543 1635 643 1707 potes.
700 1627 774 1689 Nam
804 1629 830 1690 si
864 1628 996 1691 volueris
1034 1669 1038 1676 -

78 1749 288 1812 perrumpere,
310 1733 441 1796 imitabis
459 1735 624 1801 crabrones
640 1734 725 1808 istos,
747 1727 888 1798 occurres
905 1749 997 1798 ursae

76 1839 195 1911 iratae,
228 1849 259 1901 et
290 1841 342 1903 tibi
377 1857 518 1904 accerses
553 1841 687 1920 pericula
721 1859 779 1904 non
813 1841 1021 1912 necessaria„

76 1943 206 2022 Optln'ra
232 1955 303 2007 sunt
324 1945 402 2008 haee
430 1947 555 2009 consilia
577 1947 683 2029 nobis,
712 1947 765 2026 qui
787 1963 946 2010 versamur
966 1947 996 2010 in

77 2051 195 2112 mundo
225 2060 284 2112 tam
313 2055 393 2114 malo
423 2061 546 2131 tumque
574 2053 707 2131 ingrato,
742 2053 794 2134 qul
824 2071 883 2116 non
912 2051 995 2114 audit
1030 2083 1040 2092 -1

75 2156 229 2236 quidquid
247 2159 496 2232 consuluerimus,
517 2153 664 2240 quidquid
681 2159 818 2223 dieamus
840 2167 893 2222 aut
912 2176 995 2222 eom·

77 2254 236 2325 miremur
627 2345 630 2350 ι

164 2369 267 2432 Gloria
281 2370 313 2450 Ζ)
347 2377 448 2432 autem
476 2370 627 2448 signifieat
654 2389 712 2434 non
748 2367 995 2444 solum'lamam,

76 2473 137 2534 sed
159 2491 252 2552 oper,
275 2492 434 2556 pompam,
456 2485 648 2551 ornamenta,
666 2478 814 2550 divitias,
842 2495 858 2539 a
882 2477 994 2556 quibus

76 2581 163 2641 venit
191 2581 282 2642 lama.
326 2581 376 2642 Sle
396 2579 502 2666 Matth.
525 2579 619 2660 6.²):
651 2583 725 2644 bilia
741 2585 815 2672 agri
837 2583 919 2645 Deus
948 2583 994 2645 sie

77 2687 188 2758 vestit,
217 2696 248 2749 ut
268 2704 325 2748 nee
346 2688 490 2752 Salomon
513 2689 543 2751 in
566 2691 646 2752 omui
669 2691 764 2766 gloria
786 2707 857 2762 sua,
885 2689 995 2776 idest,

77 2791 222 2854 omnibus
257 2793 369 2856 divitiis
397 2803 427 2856 et
454 2798 598 2860 universa
626 2812 755 2876 pompa,
790 2795 836 2857 sle
863 2795 992 2890 vestitus

77 2897 175 2958 luerit.

78 3059 152 3124 Gor
184 3064 384 3140 sapientis
413 3075 472 3130 est
505 3068 540 3128 in
574 3068 845 3144 dextraeju'a,
877 3067 992 3131 stulti

312 3186 404 3234 vero
425 3172 460 3234 iu
482 3172 647 3236 sinistra
669 3172 762 3252 ejus.

164 3319 218 3386 Est
239 3331 269 3386 et
290 3323 350 3388 hoe
371 3327 570 3403 proverbiale,
591 3327 622 3387 id
643 3333 705 3389 est:
736 3326 911 3406 Sapiensb)
936 3327 992 3390 do·

79 3427 210 3492 minatur
242 3429 325 3491 eordi
354 3444 426 3502 suo,
458 3433 484 3493 sl
516 3431 631 3494 viderit·
649 3433 716 3495 illos
749 3435 904 3512 desipere,
934 3449 992 3496 nee

81 3585 289 3600 m*

150 3679 182 3744 xi
202 3661 234 3732 lu
257 3677 316 3733 loeo
341 3679 470 3750 deripere.
500 3657 596 3735 raet:
621 3633 789 3752 †rrpientia
815 3631 915 3746 summa
939 3691 999 3740 ert.

81 3771 113 3843 γ)
132 3772 241 3830 stultae.
285 3773 316 3843 ι)
336 3772 436 3830 Stultus
455 3773 564 3845 (1555)
600 3778 628 3844 ι)
646 3775 798 3834 uento.
814 3778 857 3843 b)
865 3777 988 3888 Sapiens
1058 3793 1061 3803 ·

147 3865 214 3937 wll
235 3845 326 3924 titt..
341 3857 484 3940 raptarum.
892 3899 907 3922 .-
