2386 4316
75 300 109 356 1ι
182 257 247 328 316
297 307 300 320 .
387 325 390 335 ,
529 264 622 342 ceput
640 263 752 328 tertium

37 445 41 459 '
75 423 82 430 ’
179 459 314 522 persona
342 429 490 522 potitiae,
512 402 710 522 agnoscentis
738 443 794 506 Dei
813 438 990 517 beneficia,
1022 460 1110 522 quae

115 539 116 544 ’
180 565 237 627 por
256 551 341 628 pium
360 551 571 628 magistratum
592 551 878 623 donantnouant
896 551 1021 628 agentis
1041 551 1109 612 Deo

178 656 302 734 gratias.
343 656 392 718 Ad
413 656 496 719 hune
510 657 635 720 modurn
653 655 893 734 accipiendum
891 664 940 718 est
962 655 1031 718 hoo
1054 673 1109 718 en-

178 763 299 826 cominu
321 763 509 835 Salomonis,
530 762 643 861 quoti·
635 779 671 851 ιιι
686 760 747 826 hoe
767 763 868 840 eapite
888 763 1010 847 texitur.

159 928 252 992 *Neo
280 909 489 1003 dimittam,
520 928 645 991 donee
671 928 919 992 introducam
947 947 1037 994 eum
1070 931 1108 992 in

184 1025 193 1048 ’
414 1034 564 1100 domum
585 1034 723 1098 matris
744 1050 863 1097 meae

195 1177 197 1184 ’
259 1189 389 1264 Domus,
417 1189 535 1264 cubile,
560 1143 711 1261 thronus,
742 1179 907 1291 palatium,
936 1196 967 1251 et
985 1190 1107 1253 similia

124 1353 127 1361 ,
176 1295 372 1374 significant
363 1306 465 1375 rpsunr
483 1297 631 1374 poputum
652 1311 708 1358 seu
724 1287 871 1372 regnum
892 1297 985 1374 quasi
999 1297 1106 1358 dieat:

178 1401 316 1480 Populus
345 1417 433 1466 meus
465 1408 537 1464 sunt
565 1400 645 1470 siout
672 1399 770 1464 tentus
798 1399 975 1482 viduus*).
1019 1403 1105 1478 Quot

75 1579 86 1587 ,
177 1507 256 1572 enirn
285 1515 316 1570 et
342 1515 459 1587 quanta
485 1507 680 1612 iudomr'ooda
707 1507 905 1589 seditionum,
938 1509 1105 1582 bellorum,

60 1625 62 1633 ’
172 1611 366 1708 1ειιιιιιιιιιιιιιιι
387 1623 445 1680 ete.
465 1599 631 1678 sustinuit?
673 1610 734 1678 seu
755 1585 922 1693 postquam
940 1615 1027 1678 Deus
1045 1616 1107 1690 Sa·-

70 1742 75 1754 ,
179 1717 332 1782 lomonem
362 1720 445 1783 dedit
475 1738 580 1800 regern
609 1721 724 1799 populo
752 1736 825 1792 suo,
860 1729 948 1798 parta
977 1738 1044 1800 pax
1076 1727 1121 1784 et

47 1883 55 1890 .
177 1825 378 1905 tranquillitas
407 1832 469 1900 est,
497 1835 531 1890 ut
559 1843 689 1890 securus
717 1827 810 1906 nubet
837 1834 867 1889 et
898 1827 1068 1940 quiescat
1074 1829 1106 1891 in

176 1935 256 1996 teoto
277 1933 385 1996 matris
408 1949 493 1996 suae.

160 2099 413 2191 adjuturos,
425 2065 774 2173 iiliaeiernsaiem
785 2107 1104 2194 peroapreaseto.

261 2246 383 2330 sienni)
415 2257 523 2324 vocat,
553 2255 709 2328 utsupra
743 2266 869 2328 quoque
896 2245 1103 2339 ostendimus,
1189 2287 1190 2322 ι

180 2365 305 2422 sanctos
321 2355 519 2446 prophetas·
506 2373 542 2417 rn
558 2355 619 2418 hoo
635 2357 760 2448 populo,
781 2357 854 2435 quin
876 2353 1005 2420 inoludit
1022 2376 1104 2439 quo-

179 2481 241 2543 que
270 2465 372 2542 ipsum
401 2461 553 2546 christum
580 2459 728 2543 tanquam
758 2470 935 2526 sanctorum
964 2465 1103 2528 omnium

81 2569 83 2574 '
180 2577 280 2648 caput.
465 2581 475 2586 “

72 2752 75 2756 ·
179 2736 282 2813 Quae
301 2741 364 2830 est
383 2735 476 2811 ista,
497 2733 1101 2814 quaeascenditperdesertum,

308 2890 312 2900 .
409 2839 541 2954 sieut
561 2841 718 2920 virgula
739 2840 838 2904 iumi.

261 2990 317 3054 Hic
336 2992 425 3054 inens
452 2991 491 3054 de
512 2993 604 3054 beata
630 2963 747 3072 virgine
768 2992 950 3056 decantatus
971 3001 1037 3068 est,
1067 3002 1101 3056 ut

179 3096 297 3161 seiieet
317 3113 470 3198 nusquam
492 3098 636 3163 deessent
656 3097 802 3177 vestigia
829 3106 910 3177 quae
931 3100 1099 3178 probarent

146 3269 149 3276 ,
178 3203 385 3266 incredibilem
413 3204 612 3282 ignorantiam
641 3211 671 3267 et
699 3206 878 3268 eaecitatem
902 3193 1098 3268 adversario·
1189 3215 1190 3224 ¹

63 3373 65 3378 .
162 3293 246 3374 'rurn
278 3317 452 3374 nostrorum
464 3306 554 3392 ιιι).
603 3307 687 3374 ruht
708 3310 767 3400 ιιιι
789 3311 827 3374 de
858 3311 956 3374 beata
981 3310 1097 3388 virgine
1189 3313 1190 3320 ’

170 3417 314 3505 ἰιειιιιηΙ
332 3433 461 3494 regnum
496 3417 670 3511 tuduinum,
709 3417 800 3496 quale
835 3417 894 3480 sub
929 3417 1097 3480 Salomone
1189 3397 1190 3412 ¹

179 3522 281 3596 inerit,
307 3520 499 3661 elegantibus
520 3531 552 3588 et
572 3523 701 3604 poeticis
721 3522 835 3658 iiguris
851 3523 1045 3586 *describitur
1064 3528 1095 3585 et
1189 3557 1190 3620 ι

143 3775 149 3786 ’
251 3765 297 3838 *)
292 3767 396 3826 Leotm
420 3768 526 3840 viduus.
569 3769 638 3840 ‘'t)
661 3765 789 3897 Capreae
826 3767 915 3840 W)
943 3767 1092 3839 ignorantia

98 3941 101 3954 ι
181 3860 351 3960 peremturum
