2484 4320
218 259 281 330 ΠΒ
527 301 530 308 «
554 265 645 344 Gupot
666 273 798 328 omasum

144 563 150 570 ·
215 529 267 592 Ne
288 528 458 610 iestioes
479 527 706 590 recederes
736 495 841 591 isaie
872 526 976 608 eius,
1011 542 1143 608 nequo

87 624 90 637 '
216 643 301 698 stes
322 631 557 708 idiomata,
589 635 684 712 quia
704 634 837 701 omnia
858 637 958 714 qus'e
978 634 1064 697 vult
1083 635 1145 696 ia-

217 743 304 804 eiet.
346 737 391 802 Et
411 740 572 803 verbum
594 739 702 817 regis
724 747 871 818 potens
891 746 968 812 est,
996 755 1066 802 nee
1086 740 1144 804 di·

267 861 358 909 eere
377 845 414 909 ei
437 846 644 927 quisquam
667 852 817 929 potest:
839 843 931 926 quid
954 845 1081 908 iaeisi

300 1050 426 1114 ntaoie
445 1050 590 1116 resedam
603 1049 634 1131 a)
676 1050 879 1123 Hebraismos
900 1055 964 1124 ost,
985 1049 1017 1115 in
1037 1049 1143 1128 serip-

215 1157 292 1222 turis
322 1157 421 1222 saeris
451 1159 615 1236 frequens,
646 1156 796 1236 intona,
827 1158 858 1254 ia
878 1155 975 1232 Hiob‚
1006 1158 1038 1221 ia
1057 1157 1144 1220 biet-

213 1263 307 1329 tboeo
328 1265 400 1338 item
421 1262 522 1342 capite
544 1260 598 1328 ts:
625 1262 780 1342 Egressus
801 1279 914 1336 smnus
935 1281 955 1332 a
976 1264 1054 1329 tenio
1077 1263 1142 1336 do·

215 1371 289 1432 mini
326 1359 440 1434 invenit
477 1385 663 1434 conservum
684 1356 742 1444 eto.
783 1370 839 1435 Est
870 1377 971 1436 antem
1005 1387 1024 1431 e
1055 1369 1142 1436 iacis

214 1476 361 1542 recedere
379 1475 453 1540 nibil
473 1475 572 1550 aliod,
604 1485 697 1558 qnam
719 1478 871 1544 declinare
891 1477 932 1545 ab
952 1476 1141 1550 obedientis,

215 1599 274 1648 seu
294 1582 500 1650 obedientiam
521 1599 636 1663 negate
657 1595 709 1648 aut
728 1583 906 1651 detrectare.

424 1801 560 1883 Neque
580 1810 666 1868 stes
685 1803 722 1866 in
743 1819 785 1868 re
804 1772 913 1881 mata

298 1953 343 2018 Ne
363 1971 533 2034 persevero
553 1927 588 2018 in⁸
605 1953 818 2030 inobedientia,
840 1955 897 2019 sed
911 1955 941 2018 in
959 1953 1140 2018 obedientie

214 2075 395 2138 persevera,
416 2063 508 2141 quasi
530 2062 628 2124 diem:
670 2061 797 2126 Etiamsi
819 2063 922 2125 statim
944 2053 1005 2125 non
1027 2077 1139 2124 sucee-

214 2166 357 2242 batres,
390 2169 473 2234 sieut
492 2185 548 2242 rex
569 2161 745 2242 mandavit,
777 2168 898 2231 etiamsi
926 2168 1048 2230 labatur
1071 2183 1140 2242 rex,

158 2292 165 2320 ι
189 2275 193 2292 ’
213 2263 315 2334 tamen
336 2290 516 2352 persevera,
555 2284 596 2342 et,
617 2277 666 2337 iae
697 2282 730 2337 ut
750 2291 788 2338 os
807 2274 890 2351 regis
922 2273 954 2336 in
975 2273 1141 2352 maiestate

212 2388 349 2454 maneat,
381 2397 422 2444 ne
451 2387 558 2446 eontra
590 2395 682 2460 agas,
718 2381 792 2460 quia
819 2397 880 2444 non
902 2377 1034 2460 effugies
1066 2379 1141 2459 eins

89 2471 92 2478 ’
212 2501 356 2566 poenam.

356 2703 494 2770 Omnis
514 2705 614 2770 enim
635 2719 737 2787 quoe
759 2706 843 2781 uolt
862 2687 998 2772 faeiat

297 2854 419 2921 Scilicet
438 2857 469 2921 in
491 2873 586 2936 regno
608 2873 676 2922 suo.
719 2857 868 2938 Loquitur
888 2858 967 2921 enim
997 2859 1037 2921 de
1057 2859 1142 2939 poli-

211 2963 273 3028 tioa
293 2963 562 3028 administratione.
600 2964 654 3027 lite
672 2956 819 3043 justitiam
841 2966 934 3041 notet,
955 2965 1072 3045 inquii,
1107 2973 1151 3030 et·

212 3071 361 3136 dmendet
402 3070 451 3134 Ad
472 3070 533 3134 boe
553 3071 634 3133 enim
655 3079 704 3138 est
737 3072 841 3135 abeo
870 3072 1070 3146 constitutus,
1103 3080 1140 3136 tu

155 3225 160 3238 ,
212 3191 286 3256 orgo
307 3179 389 3242 time.
429 3177 514 3240 idem
535 3177 674 3252 omniuo,
702 3177 786 3257 quod
807 3177 921 3240 Pontus
942 3179 1030 3242 Rom.
1049 3175 1136 3258 tsi)
1233 3195 1234 3204 ¹

212 3284 299 3347 dicit:
328 3283 385 3359 Qui
404 3284 561 3358 resistunt,
583 3283 643 3346 sibi
660 3282 810 3360 judicium
831 3284 1000 3363 anquirunt.
1027 3283 1142 3365 Neque

212 3389 363 3468 possibile
383 3396 447 3462 est,
468 3398 503 3456 nt
523 3389 650 3468 effugiat
668 3389 831 3468 judicium,
858 3390 911 3470 qui
943 3391 1143 3472 magistratui

211 3495 336 3562 resistit.
364 3493 563 3560 Tutissimum
580 3495 673 3574 igitur
692 3496 782 3560 tuerit
797 3481 924 3560 obedire
940 3497 1143 3576 magistratui
1232 3527 1233 3570 ;

125 3654 127 3668 .
212 3599 419 3694 simplis-,itera¹
439 3599 477 3666 ut
496 3601 820 3702 deelaratvpotentiam
840 3603 932 3682 regis.

217 3769 428 3790 *ua—n·-

281 3873 313 3944 ι)
332 3873 469 3934 senten
486 3886 503 3930 ι
521 3873 600 3931 tene.
680 3830 722 3948 ι)
735 3874 811 3931 nom.
832 3873 876 3932 ta.
902 3883 909 3898 ·
1022 3869 1026 3878 ’
