2406 4322
324 141 714 294 χ11111111111119111111111.
736 255 739 262 λ
904 218 987 296 'm

78 407 151 469 Num
172 414 224 470 eut
242 407 353 472 desunt
374 357 533 506 auditores
552 419 604 476 aut
626 409 793 476 succedunt
813 409 897 490 impii
916 417 984 475 ms.
1025 373 1030 384 ⁸

77 513 158 590 gistri
179 521 209 576 et
228 515 441 578 subversores.
484 543 486 552 ·
797 524 799 528 -
830 505 832 513 1
962 505 965 520 =

72 677 284 768 'Quaesiuit
299 684 419 745 verbe
440 692 621 762 accepta,
642 690 800 747 etreete
818 685 984 764 scripsit

311 805 526 852 sermonem
548 791 744 853 veritatis.

153 937 187 998 td
209 944 273 1000 est:
296 938 418 1002 studuit
438 947 472 1000 ut
489 942 651 1017 prodesset
672 941 772 1021 dignis
793 947 823 1002 et
844 941 984 1002 saluteri-

74 1047 134 1106 bus
153 1045 264 1117 vorbis,
287 1055 351 1116 seu,
374 1053 406 1106 ut
420 1045 533 1108 Paulus
546 1049 686 1126 loquitur,
706 1053 870 1127 quaesunt
887 1045 981 1108 reddo
999 1065 1002 1070 ·

73 1151 150 1210 omni
173 1152 385 1228 acceptatione
403 1151 509 1228 digna,
531 1160 561 1214 et
582 1153 763 1232 conseripsit
783 1161 867 1214 recte
888 1152 983 1214 verba
1041 1235 1043 1242 y
1116 1195 1117 1204 ,

74 1237 214 1318 ueritatis.
257 1254 324 1318 iton
343 1259 472 1320 invoivit
492 1258 693 1331 obscuritate,
720 1260 798 1321 sieut
823 1247 922 1321 soient
942 1259 983 1318 1111

71 1363 246 1438 imitatores,
267 1365 319 1442 qui
334 1379 402 1428 cum
424 1381 484 1426 non
506 1371 588 1454 recte
601 1365 878 1443 intelligamusque
898 1369 983 1450 tecte

71 1466 244 1546 docenth).·
279 1469 405 1547 Signum
433 1471 511 1531 enim
533 1470 659 1533 scientis
681 1477 745 1544 est,
775 1483 871 1548 posse
898 1476 982 1531 recte

30 1557 55 1608 *
71 1578 187 1650 dooere,
211 1576 257 1638 ait·
268 1575 447 1640 Aristoteles
459 1574 498 1655 i).
541 1575 577 1637 Et
595 1575 817 1640 Demosthenes
831 1569 866 1654 k)
891 1575 981 1636 inter·

69 1690 207 1758 rogatus,
247 1681 411 1761 quomodo
439 1682 510 1760 quis
543 1682 622 1744 bene
653 1690 724 1744 seu·
742 1689 825 1744 recte
859 1680 983 1757 diceret,⁴

68 1785 238 1866 respondit,
266 1789 302 1850 st*
322 1771 406 1852 nihit'
425 1787 553 1861 diceret,
581 1785 640 1850 ni'si
667 1787 751 1867 quod
778 1788 857 1849 hene
878 1787 980 1850 seirat.
1060 1833 1066 1849 ,

69 1893 122 1968 Qui
143 1893 225 1954 enim
246 1893 325 1956 bene
346 1893 494 1970 inteiligit,
523 1900 626 1973 potest
651 1895 742 1956 etiam
768 1892 978 1956 benediceret

67 1999 180 2077 Estque
203 1987 579 2071 commendetioautoris,
608 1999 699 2078 quasi
720 1999 815 2061 dicat:
845 1997 928 2061 Bene
949 2005 980 2060 at
1013 2019 1019 2036 ¹
1080 2057 1082 2062 .

68 2105 145 2166 ciure
166 2103 286 2178 docuit,
307 2105 349 2166 ita
370 2109 414 2168 ut·
425 2105 525 2184 possit
545 2105 615 2185 quis
637 2121 676 2169 ex
697 2105 775 2168 ttttus
796 2103 873 2166 libro
892 2103 980 2174 ,intei—

67 2212 170 2287 iigere,
194 2211 269 2303 quid
291 2212 438 2288 cogitare,
466 2212 539 2292 quid
561 2211 679 2285 conari,
707 2209 781 2302 quid
803 2211 903 2298 iacere
923 2195 978 2270 dess

69 2319 148 2389 beat,
171 2324 306 2381 autnon
328 2317 450 2412 debeat.v

68 2483 193 2562 Verba
228 2483 326 2548 haec
367 2483 587 2561 sapientum
629 2490 718 2546 sunt
757 2450 901 2545 hastae
940 2487 978 2544 et

67 2587 976 2668 clevi,permagistrosconcionisoonsoripts,

66 2701 100 2755 et
121 2709 140 2756 a
160 2702 326 2774 pastore
346 2711 420 2758 uno
441 2694 606 2770 traditu;
633 2708 743 2768 cave,
765 2693 825 2756 iili
845 2694 907 2766 mi,
929 2695 975 2756 sb

66 2801 168 2872 aliis,
197 2816 282 2864 nam
306 2800 614 2864 scribendorum
634 2799 826 2866 librorum
847 2799 975 2862 nultus
1085 2845 1091 2852 -

66 2913 123 2969 est
155 2906 268 2980 finis,
308 2913 345 2968 et
381 2908 522 2970 multae
556 2904 773 2970 conciones
809 2906 977 2982 tatigant

438 3025 592 3090 corpus.

132 3161 202 3244 ¹iiic
237 3163 426 3244 adhortatur,
459 3179 498 3225 ne
529 3161 675 3225 doctrinis
702 3160 796 3224 variis
826 3170 857 3225 et
888 3172 978 3242 pere·
1058 3197 1065 3208 ·

66 3266 157 3342 guinis
190 3267 391 3341 abducamur,
422 3268 512 3346 quasi
538 3267 634 3331 dicat:
665 3265 792 3330 Habetis
818 3270 974 3345 egregium

64 3372 240 3450 magistrum
262 3382 292 3437 et
305 3374 461 3442 doctorem
474 3367 563 3452 ²⁴⁸),
582 3381 691 3478 cavete
709 3388 809 3436 novos
822 3371 973 3438 doctores.

64 3541 269 3561 m

133 3635 164 3703 h)
182 3635 300 3690 Ducendi
318 3637 489 3708 perspicuitas
507 3637 577 3694 unde
597 3634 708 3708 (ibet).
763 3637 788 3707 i)
808 3636 972 3696 Mummios.

10 3769 14 3778 ,
65 3729 96 3799 h)
113 3729 312 3788 demosthenes.
364 3725 377 3820 J

132 3823 200 3914 210)
220 3818 405 3884 eruditorem*
460 3819 462 3826 ’

695 3875 948 3992 11·’
