2308 4316
308 247 493 310 nominoe
513 241 695 310 suenone
747 293 749 301 .
912 232 956 306 dd
1001 321 1002 324 w

58 443 112 497 tum
130 425 221 506 bidus
242 427 324 490 vitae
344 426 458 491 nostris
480 424 610 499 studiis,·
632 423 715 487 alias.
731 423 787 487 erit
805 425 958 500 perpetuu
1082 417 1085 426 '

58 535 236 619 inquietudo,
258 539 293 596 ut
312 532 462 612 sequium.
582 571 586 578 ·
960 535 963 549 ·
1038 533 1040 538 ’

58 705 93 768 Et
112 695 337 786 pertaesum
359 705 423 793 ast
435 715 492 761 rue
510 695 689 759 universi
710 695 863 786 laboris
879 692 959 770 mei,

58 825 155 892 quem
190 808 263 870 sub
293 803 494 876 sole-teci,
527 803 674 887 quippe
699 781 813 883 „quem
839 802 959 885 relin-

58 931 158 998 quam
182 911 349 985 homini,
381 911 446 989 qui
473 909 556 972 erit
577 917 670 989 post
703 926 773 983 me,
804 894 869 987 oui
897 923 961 970 sa·

57 1023 161 1102 piens
182 1019 230 1082 n'e
251 1035 295 1080 an
315 1017 463 1080 stultus
484 1017 645 1088 iuturus
667 1003 883 1094 situ'eseio.
924 1013 961 1076 is

57 1125 314 1194 dominabitur
341 1121 380 1185 in
408 1121 586 1186 omnibus
613 1119 826 1186 laboribus
853 1119 961 1209 meis.

125 1276 379 1342 Prorsuseadem
389 1275 617 1348 sententiarum
629 1259 795 1354 supinore.
816 1272 962 1336 Abundat

58 1385 125 1449 enirn
140 1384 256 1460 verbis,
278 1388 309 1444 et
325 1383 452 1462 eopiosa
466 1388 575 1444 tractat
588 1379 670 1443 hune
690 1383 791 1444 locum
809 1380 962 1442 Salomon.

58 1493 100 1556 Sic
117 1477 230 1568 inquit:
252 1479 369 1552 Taedet
389 1505 438 1550 rne
459 1487 556 1564 vitae3
578 1503 647 1549 nam
668 1481 789 1549 etiarnsi
810 1503 860 1547 res
876 1501 963 1548 meas

58 1613 152 1662 ornnes
166 1595 282 1674 optime
299 1595 442 1658 constitui
456 1606 487 1656 et
499 1593 717 1684 administravi
739 1599 838 1656 tamen
856 1593 964 1670 ignoro

57 1703 217 1782 sapientem
237 1718 278 1763 ne
304 1718 342 1763 an
365 1702 489 1764 stultum
517 1699 683 1762 haeredem
703 1698 865 1762 habiturus
887 1699 963 1776 sim;
995 1697 1008 1708 “

57 1812 79 1872 si
105 1808 292 1887 sapientem,
312 1807 453 1873 ,fastidiet
480 1814 510 1869 et
537 1805 619 1868 aliud
640 1812 780 1884 quaeret,
808 1821 877 1866 curn
905 1820 964 1881 ego

57 1919 116 1994 ipse
135 1931 208 1978 mee
229 1908 383 1976 'fastidiam
411 1921 441 1976 et
461 1927 542 1976 nova
564 1897 694 1976 subinde
715 1905 908 2002 cupianw);
936 1910 965 1973 si

59 2015 250 2093 temerarium,
272 2020 417 2093 destruet
438 2027 468 2082 et
487 2017 615 2081 habebit
635 2015 764 2081 eundern
776 2015 913 2110 taboram
934 2012 964 2076 in

58 2127 220 2208 perdendo,
245 2143 336 2206 quam
358 2142 417 2202 ego
438 2126 481 2194 in
491 2124 711 2204 constituendo,
729 2123 817 2201 juxta
837 2137 965 2201 prover-

58 2234 155 2299 bium.
175 2233 264 2316 ysius
286 2231 451 2298 aedificans
463 2231 512 2312 x),
532 2231 606 2306 alter
622 2231 788 2303 ‚dadanus
805 2223 882 2300 erd·
911 2227 964 2296 Sia

59 2337 243 2418 Octaviusu)
267 2337 385 2408 caesar
402 2339 521 2414 ornavit
537 2338 652 2412 urbem,
673 2328 795 2417 donor)
821 2334 965 2399 vastavit

59 2430 281 2526 Pompeius³)'
294 2445 447 2522 ingentem
476 2445 625 2526 pecuniae
656 2444 718 2506 vim
751 2444 781 2506 iu
813 2441 964 2508 aerarium

60 2551 206 2630 pubinum
226 2551 403 2640 eollegerat,
425 2547 620 2644 conabiturus
641 2549 842 2639 reipublicae,
869 2565 964 2639 quam
998 2597 1002 2620 .

60 2665 161 2736 postea
186 2654 345 2762 Gaesarb)
377 2657 568 2750 compilavit,
596 2657 713 2737 fuitque
741 2657 841 2763 magis
869 2654 963 2718 exitio
1052 2650 1057 2662 ”

59 2763 235 2842 reipublicae
257 2779 295 2826 aa
315 2764 454 2842 pecunia,
475 2780 567 2843 quarn
582 2765 680 2836 'saluti
723 2763 799 2866 Sive
818 2781 892 2867 argo
914 2779 965 2826 se·
982 2807 985 2812 «

60 2871 138 2947 piens
160 2869 226 2932 sive
248 2865 359 2932 stultus
380 2869 469 2954 inerit
489 2856 609 2943 haere's,
630 2871 743 2934 trustra
762 2837 909 2982 laborari,
935 2875 966 2931 et

62 2976 145 3037 vitam
165 2979 266 3045 rnedm
288 2975 406 3078 perdidi
427 2975 569 3038 inanibus
590 2977 680 3050 euris,
702 2993 771 3039 oum
785 2939 874 3040 volui
886 2992 967 3063 pro·
988 2999 991 3006 ’

1 3109 2 3112 ¹
63 3081 300 3158 spicereiuturis,
323 3097 381 3146 nan
396 3097 473 3144 usus
481 3081 709 3160 praesentibus.
740 3081 813 3147 ldeo
827 3081 966 3176 subjicit.

61 3247 98 3310 Et
123 3247 299 3312 conuerti
333 3264 405 3324 rna,
437 3255 477 3312 ut
498 3248 733 3327 deponerem
764 3265 813 3312 ex
841 3235 1013 3344 tuende]

62 3369 291 3418 beneuram
321 3353 365 3416 de
392 3354 531 3416 labore
559 3371 655 3428 meo,
684 3371 795 3434 quem
827 3357 964 3420 laboro
1053 3431 1055 3436 ¹

62 3461 247 3524 subdole.
289 3459 380 3522 Nam
406 3458 523 3522 barno
555 3475 636 3522 uum
665 3461 963 3527 laborari-ioum
1049 3459 1079 3476 “’

65 3589 264 3606 ψ

125 3656 166 3725 w)
185 3657 281 3713 Aliena
298 3655 483 3725 fastidiuntur,
507 3672 578 3712 nova
596 3607 761 3728 appetuntur.
843 3657 874 3726 x)
893 3657 966 3715 Unus

64 3750 203 3807 aedificans.
280 3751 315 3822 y)
343 3750 476 3808 Octavius.
552 3753 582 3821 a}
605 3751 684 3808 bero.
756 3753 787 3818 ιι)
811 3753 965 3828 Pompejur.
1074 3813 1087 3833 s

62 3843 90 3914 b)
106 3837 203 3904 besor.
232 3845 316 3904 15³⁶:
333 3847 448 3904 Pacuuio
466 3847 530 3904 troi.
