2386 4316
330 241 334 260 ’
365 249 675 364 cannamomum.
917 277 980 350 295
1051 263 1058 270 ’
1148 259 1150 266 ’

62 466 190 530 verbum
207 461 245 544 *J
283 464 353 528 talis
380 421 561 540 thesauros,
599 467 652 546 qui
680 467 840 530 tractando
871 466 982 530 meseia
1022 477 1026 486 ’
1086 439 1092 458 ⁴
1178 439 1181 458 ¹

62 581 92 636 ot
114 571 339 648 distribuendo,
367 573 521 637 servando
549 580 650 638 autem
672 575 759 652 perit.
801 573 928 651 Oportet
948 580 981 636 ιιι

62 680 103 740 sit
126 679 156 740 in
179 678 306 741 assiduo
325 695 395 741 usu.
438 679 502 754 Quo
518 681 598 740 enirn
620 681 719 756 magis
735 680 872 757 docetur,
895 678 982 740 audi

63 792 117 860 tur,
139 784 274 857 discitur,
299 801 337 847 eo
358 786 474 862 magis
479 791 511 846 et
532 785 643 848 elarius
657 786 845 886 intelligitur.
887 785 982 846 Erunt
1016 867 1019 878 Ι

60 869 111 952 iiia
127 898 306 953 ornamenta
321 907 382 952 non
395 893 496 953 solum
511 908 613 966 aurea,
635 893 691 954 sed
706 892 848 954 distinata
859 892 982 970 punctis

61 998 179 1074 argenti
200 1013 258 1059 seu
280 997 491 1070 vermiculata,
512 998 543 1060 id
565 1005 626 1073 est,
648 999 856 1100 multiplexet
877 997 982 1059 varius

60 1103 148 1166 verbi
170 1088 399 1184 estususfl).
443 1105 494 1168 Sio
515 1113 626 1178 monet,
647 1113 682 1168 ut
701 1121 736 1169 se
757 1105 789 1179 ia
810 1105 905 1168 verbo
926 1103 984 1166 Dei

60 1218 89 1274 et
110 1211 262 1289 exemplis
283 1209 315 1270 in
337 1212 432 1273 verbo
454 1212 624 1290 propositis
646 1217 801 1284 exerceat,
823 1219 887 1274 tum
908 1211 984 1283 iore,

59 1324 92 1380 ιιι
104 1315 210 1380 videat
230 1333 267 1378 se
288 1332 360 1380 esse
376 1319 545 1395 equitatum
556 1319 746 1390 instructum
768 1315 869 1396 neque
880 1332 983 1380 more·
1031 1337 1034 1342 ·

59 1431 107 1486 tur
119 1421 252 1496 hoedos
273 1423 326 1502 qui
348 1422 420 1484 sant
440 1423 470 1484 in
492 1439 594 1500 grege
637 1423 694 1499 Qui
712 1424 816 1496 eredit,
837 1424 886 1484 iiie
900 1422 984 1486 videt

59 1535 92 1592 et
111 1530 270 1608 experitur
296 1527 386 1592 haeo
429 1528 485 1603 Qui
505 1533 566 1593 non
588 1531 696 1604 eredit,
726 1531 767 1592 iili
789 1535 892 1593 tantae
912 1545 984 1592 eon·

60 1635 230 1702 solutiones
248 1609 321 1700 sunt
342 1635 433 1698 ludus
455 1643 486 1698 et
503 1635 604 1712 jocus.

62 1859 66 1871 .
178 1780 404 1866 Adhaerex
426 1801 545 1864 estin
568 1801 756 1892 aeebbitu
778 1819 860 1866 suo.
939 1813 941 1821 ‘

22 1995 27 1998 .
72 2004 74 2012 ,
143 1931 389 1996 consolationem
411 1932 564 2010 sequitur,
592 1931 675 2011 quod
699 1931 822 2009 politica
842 1934 894 1996 illa
914 1909 984 2014 per-

60 2055 137 2100 sona
159 2037 363 2102 consolationi
384 2038 487 2109 eredit,
510 2055 590 2118 quae
607 2039 773 2116 stagnans
794 2027 873 2102 fidei
888 2023 1001 2104 virtus
1054 2065 1057 2072 ⁴
1165 2037 1181 2083 ·'

60 2154 138 2208 ese*
154 2145 212 2208 Sic
243 2145 323 2206 enim
344 2146 408 2206 fere
430 2142 553 2218 aeoidit,
581 2153 615 2208 ut
644 2141 822 2218 calamitate
845 2153 876 2210 et
896 2165 992 2226 prae-s
1046 2148 1048 2156 ’

61 2250 153 2317 senti*
175 2250 282 2314 dolore
311 2252 411 2314 vietus
446 2251 567 2314 animus
594 2266 661 2327 non
692 2253 793 2330 possit
824 2243 1031 2337 admitteres

62 2357 199 2430 verbum,
223 2356 306 2436 quod
322 2339 446 2422 diversa
464 2373 483 2418 a
498 2373 594 2438 sensu
609 2358 763 2436 promittit
793 2356 984 2442 1111ιεῦ11)

61 2471 163 2526 tamen
192 2463 389 2548 quantumvis
425 2461 537 2526 aiiiicta
568 2464 695 2542 respicit
722 2463 918 2530 adverbum
954 2473 987 2532 et

61 2569 155 2632 verbo
185 2569 317 2647 erigitur.
372 2568 425 2631 Sio
460 2570 491 2631 in
523 2569 585 2633 hoo
613 2571 685 2646 ioco
714 2571 838 2635 dieitur:
876 2572 987 2638 Adhuc
1096 2602 1100 2610 ¹

63 2781 241 2853 sentiebam,
262 2779 288 2841 D
330 2797 360 2842 m
373 2781 553 2860 longissime
567 2799 585 2844 a
601 2783 846 2846 me'reoessisse.
886 2785 985 2864 Quare

62 2888 152 2950 etiam
176 2887 299 2966 postula
342 2904 385 2960 m,
419 2894 453 2949 ιιι
481 2887 556 2950 mihi
585 2888 747 2962 indicaret,
783 2889 908 2952 ubinam
924 2867 1016 2971 'pas
1073 2965 1075 2972 Α

62 2991 175 3086 soeret
214 2995 328 3056 Verum
349 3009 410 3056 non
433 2993 515 3067 abiit,
537 3001 587 3058 est
607 3009 758 3073 praesens
770 2991 868 3078 W)
894 3006 987 3078 atque
1031 3003 1039 3020 ⁸

63 3101 91 3160 in
114 3099 259 3163 convivio
282 3093 513 3179 'accumbimid
533 3107 597 3173 est,
623 3103 723 3175 iavet,
753 3110 850 3177 amat,
878 3097 986 3183 toettir,

47 3213 175 3268 servat.
218 3203 286 3272 Non
314 3205 428 3283 cogitat
455 3206 611 3286 quomodo
639 3223 688 3272 me
709 3208 832 3286 perdat,
864 3209 999 3290 affligat.

63 3313 232 3386 excruciet,
260 3312 340 3376 sieut
349 3305 431 3374 ante
452 3314 483 3376 in
504 3314 670 3378 tentatione
691 3314 869 3379 sentiebam.
1043 3303 1044 3310 '
1087 3305 1089 3310 ’

61 2693 113 2736 rex
135 2682 187 2737 est
207 2676 238 2754 in
245 2675 405 2948 {bitu
427 2689 503 2748 suo,
525 2676 734 2761 quasi-dieat:
765 2677 986 2742 intentatione

170 3469 322 3540 Nardus
344 3492 426 3542 mea
447 3477 557 3541 dedit
578 3462 736 3542 odorem
757 3495 877 3544 suum.
897 3461 911 3524 i
979 3467 983 3486 '

145 3605 217 3668 Mea
246 3580 342 3669 oratio
371 3607 411 3668 ad
439 3614 509 3669 etim
536 3605 656 3686 perlata
687 3616 748 3684 est,
781 3626 850 3674 eum
878 3613 985 3675 molles

135 3793 167 3863 *)
188 3792 385 3850 Verbinum.
425 3793 473 3862 ”)
493 3792 672 3857 verissume
689 3796 774 3853 verbi.
811 3797 998 3883 ”widem
1048 3813 1050 3818 ’
1157 3799 1160 3806 ’

73 3887 306 3958 ”wimannus
325 3895 367 3944 oet
383 3903 467 3958 propo
484 3887 606 3952 omnibus
623 3891 805 3950 invocantibus
823 3907 892 3950 oum·
970 3974 976 3982 ί
