2386 4316
284 317 286 330 Ι
337 203 339 208 A
373 225 495 310 'caudet
515 225 698 310 cantieorum,
940 225 1002 300 357
1035 253 1037 268 “

89 487 1002 578 Adjurovenilliaelerusalcm,nesuscitctis
1057 515 1061 520 ·

59 685 80 704 x
171 616 301 682 noque
322 600 520 678 evigilare
540 597 705 663 lactatis
727 597 919 660 dilectam.
1108 597 1112 604 ’

162 749 240 830 Ἠοο
256 773 319 828 est:
349 767 414 828 Vos
436 766 589 838 civitates,
618 777 825 845 quaecunque
847 761 922 824 estis
945 741 1004 822 sub‘

87 874 151 936 lroo
174 871 330 935 cultu·Dei
352 879 382 934 et
403 888 510 951 regno,
544 880 662 944 curate,
686 879 719 934 ut
740 869 808 932 sitis
831 868 952 947 quietae
974 871 1003 926 et

88 979 254 1058 pacificae,
288 993 326 1040 ue
348 977 486 1040 excitetis
509 985 609 1041 motus
631 984 661 1040 et
683 977 843 1048 tumultus,
864 973 919 1036 scd
942 974 1003 1035 lae·
1034 981 1040 1040 ,·

89 1083 197 1147 tamini
228 1085 331 1162 potius
364 1084 394 1145 in
427 1085 487 1146 ista
513 1085 609 1160 gratia
637 1090 667 1144 et
696 1099 786 1160 paee,
819 1097 856 1144 ac
883 1080 1004 1142 obedite

88 1189 226 1267 legibus,
256 1177 360 1270 parete
381 1190 617 1268 magistratibus,
652 1187 855 1263 irreligione
879 1181 1003 1266 quoquc

87 1303 207 1368 cavete,
228 1311 266 1356 nc
283 1294 418 1357 turbetur
432 1295 554 1373 aliquid,
577 1293 627 1356 aut
647 1310 701 1372 per
722 1293 929 1370 idololatriam,
952 1299 1004 1355 aut

88 1402 168 1464 alias
189 1387 388 1479 blasphemas
416 1401 584 1479 opiniones.
627 1401 710 1461 Haec
737 1400 815 1461 enim
843 1399 904 1465 duo
932 1411 1005 1461 con*-
1103 1387 1107 1400 '

84 1506 191 1584 juncta
215 1513 292 1568 sunt.
335 1506 400 1568 Pax
429 1523 490 1570 non
519 1513 621 1585 potest
643 1505 832 1586 'consistere‘
849 1507 915 1568 sine
936 1505 1005 1566 reli·
1095 1577 1098 1586 ,

67 1612 183 1690 ‚gione
221 1618 277 1675 sou
301 1610 433 1689 justitia,
466 1595 633 1676 seeundum
668 1627 790 1674 versum
818 1612 929 1674 Psalmi
946 1608 1007 1691 *):

87 1719 156 1781 Pax
182 1725 212 1780 et
242 1717 370 1794 iustitia
388 1720 546 1793 osculatae
579 1724 650 1781 sunt
677 1734 713 1780 se
740 1725 852 1781 mutuo.
905 1701 1008 1796 'Supra

90 1824 329 1889 obtestationem
368 1815 498 1886 addidit:
539 1823 653 1901 Adjmo
687 1841 744 1887 vos
779 1841 833 1902 per
866 1839 1004 1902 capreas,
1038 1805 1041 1812 ’

44 1925 54 1936 “
87 1939 124 1992 ut
160 1909 272 1993 sa'ltem
307 1929 346 1993 ob
381 1930 583 1992 reverentiam
610 1936 786 1992 sauctorum
818 1927 937 2018 patrum
974 1935 1005 1990 et
1069 1913 1088 1934 '

88 2033 323 2114 prophetarunt,
356 2053 437 2115 quos
458 2035 591 2113 majores
611 2034 800 2106 habuerunt,
831 2035 890 2098 sint
911 2033 1007 2112 quieti

87 2148 120 2203 et
142 2141 300 2221 tranquilli.
343 2140 430 2218 Quod
452 2139 559 2224 addit„
959 2124 963 2134 “

363 2329 494 2401 Donec
515 2329 604 2409 ipsa
624 2329 732 2403 velit,
807 2307 816 2314 ’

133 2467 138 2474 ⁴
156 2509 158 2512 ·
173 2483 249 2546 Puto
264 2477 333 2546 eum'
354 2483 394 2562 de
406 2483 571 2546 occasione
581 2485 673 2564 toqui,
696 2501 775 2570 quae
789 2481 1004 2548 necessitatem

88 2589 232 2667 imponit:
273 2589 340 2653 Vos
362 2590 446 2652 cives
468 2590 560 2654 nolite
576 2606 645 2652 eam
667 2589 820 2676 excitare,·
837 2592 864 2652 si
891 2591 1005 2652 cxcita-

89 2705 140 2758 tur
174 2695 213 2774 ab
247 2693 389 2758 hostibus
418 2695 540 2768 vicinis,
574 2697 664 2759 facite
690 2701 754 2759 tum
784 2713 909 2776 quoque
937 2697 1004 2759 olli·

91 2803 173 2865 eium
187 2808 331 2874 vestrum,
353 2808 386 2864 ut
406 2801 498 2865 simul
511 2801 657 2894 vigiletis
671 2809 702 2866 et
714 2801 876 2868 conferatis
891 2819 1002 2881 operas

89 2915 123 2983 ¹et
145 2923 244 2986 opem.
325 2949 329 2956 ·

91 3095 195 3172 Quae·
221 3073 401 3172 estsista,
434 3110 535 3173 quae
561 3096 741 3160 ascendit
767 3097 813 3160 de
841 3096 1030 3180 desertos*
1058 3101 1061 3108 “

231 3200 887 3296 innixasuperdilcotumsuuml'
958 3235 960 3243 ,
1045 3227 1047 3234 ·
1122 3233 1127 3240 -

110 3351 125 3372 ²
151 3355 240 3424 ,Non
262 3317 361 3418 solum
382 3354 501 3417 vicinae
523 3363 638 3433 gentes,
660 3356 716 3419 sed
738 3357 827 3422 etiam
848 3359 922 3438 ipsi,
950 3361 1002 3439 qui

67 3495 72 3499 ·
93 3461 214 3546 suntin
241 3461 355 3539 populo
375 3455 452 3534 hoc,
481 3461 624 3544 mirantur
650 3463 697 3528 sie
723 3466 938 3528 ascendentem
959 3481 1003 3528 ex
1061 3451 1110 3485 ·“’

78 3567 224 3640 deserto.
278 3564 332 3629 Est
360 3573 461 3628 autern
485 3565 550 3664 troc
582 3567 805 3674 praedicatum
821 3579 1001 3652 perpetuum

95 3722 291 3756 x*

124 3873 131 3886 ,
163 3830 195 3896 a)
214 3827 267 3884 Pax
286 3836 313 3884 et
326 3827 431 3897 justitia
448 3829 613 3902 conjunctae.
649 3811 722 3888 Paula
740 3831 783 3890 el.
829 3785 833 3832 ¹,
