2484 4320
581 253 671 328 Otput
691 259 819 327 quertnm
890 231 900 282 ⁶

194 471 220 528 ἰ
300 531 313 546 „
361 475 515 540 Stultus
536 491 629 554 crgo
651 474 860 554 complicat
881 490 1020 561 manns.
1186 567 1187 584 χ

320 643 386 707 Non
405 651 456 719 est
477 643 621 706 strenuus
640 648 797 720 operator,
825 658 887 705 non
908 651 958 705 est
979 641 1062 721 vigil,
1087 646 1132 708 set
1186 643 1187 718 l

236 767 361 829 semper
373 745 429 829 ο“)
451 757 581 812 stertens
602 755 633 810 et
653 749 748 826 piger,
769 747 822 827 qui
843 765 904 810 non
921 746 1049 810 ctflcitur
1066 752 1132 814 serio
1186 749 1187 772 ³

237 857 323 936 operi
345 873 415 938 suo,
435 855 496 920 imo
519 856 597 918 ulios
618 855 753 932 impedit,
775 845 948 927 contean
970 855 1133 933 obloquitur.

210 944 303 1026 ‘Hoc
331 971 379 1024 est
406 961 590 1040 complicare
617 957 783 1040 mnnpsl),
810 963 913 1040 ipsum
929 959 1015 1023 nihil
1043 961 1133 1036 lucere,

145 1086 149 1099 ¹
224 1057 294 1131 sed
306 1074 337 1131 et
353 1067 420 1131 utiis
433 1069 556 1132 obesset
598 1065 713 1130 Eadem
728 1066 852 1146 phrasis
869 1074 917 1130 est
927 1067 1047 1131 Provur.
1058 1064 1133 1146 dmi:

237 1172 392 1253 comptior
422 1190 533 1236 manus
559 1180 591 1236 et
625 1175 821 1257 superveniet
849 1170 901 1236 tibi
932 1175 1021 1253 quusi
1051 1176 1134 1237 vietor

237 1285 370 1356 egestus.
428 1280 500 1342 inde
523 1278 646 1344 videtur
673 1295 758 1351 csse,
799 1281 883 1359 quod
910 1280 1023 1342 Plinius
1034 1280 1067 1360 n)
1093 1285 1133 1354 nit
1188 1283 1189 1334 l

237 1388 410 1450 ominosum
442 1399 514 1448 esse
542 1385 725 1464 complicare
755 1401 880 1458 munus,
914 1393 998 1447 recte
1028 1387 1132 1462 dictum,

238 1492 294 1554 sed
314 1508 376 1554 non
397 1491 435 1554 ub
457 1489 517 1554 iilis
537 1490 730 1564 intellectum,
750 1498 876 1566 econtm
896 1492 936 1552 de
954 1491 1132 1556 industriosi
1189 1484 1190 1550 i

238 1598 368 1677 impigre
395 1597 622 1659 metretamilies
649 1587 772 1668 dicitur,
803 1613 913 1660 munus
943 1597 1009 1674 ejus
1039 1615 1130 1678 uppre-
1189 1615 1190 1630 ³

237 1702 407 1767 henderunt
427 1705 542 1776 tusum,
563 1701 600 1764 id
623 1709 684 1775 est,
709 1701 746 1783 tit
773 1701 875 1784 pttlftd
897 1717 947 1769 on
989 1705 1051 1768 Hos
1071 1723 1130 1784 ergo

239 1780 368 1872 stolidos
390 1818 420 1871 et
445 1807 530 1872 nihili
556 1806 697 1870 homiues
718 1808 802 1870 Deus
830 1810 921 1872 nubis
950 1813 1084 1886 suscitat,
1106 1823 1130 1876 ut

237 1903 384 1995 impediet
403 1923 508 1980 nostru
528 1914 656 1978 consiliu
676 1924 707 1978 et
726 1915 835 1976 studio.

446 2081 623 2147 comedit
642 2097 796 2144 carnem
820 2071 940 2146 suurn.

318 2239 449 2302 Rursum
482 2235 628 2300 hebreice
661 2235 785 2328 pbrusis
813 2246 861 2302 est
875 2238 909 2316 ο)
940 2255 1028 2318 ιιιοεΙ
1047 2257 1128 2303 muco

236 2340 388 2424 rure‘i).
446 2343 559 2408 Similis
592 2347 629 2428 iu
654 2343 733 2407 lliob
762 2351 827 2407 cst:
859 2343 976 2408 Lucere
1009 2346 1127 2410 dentibus

237 2467 359 2514 curnem
386 2465 495 2512 meum.
536 2449 621 2514 Vult*
636 2452 750 2514 dicere:
776 2451 958 2530 Huiusmodi
985 2452 1070 2515 horno
1094 2453 1127 2514 in·

237 2567 329 2637 optus
348 2564 380 2620 et
400 2558 512 2620 stultus
533 2557 592 2622 sibi
619 2575 679 2620 non
701 2557 841 2635 prodest,
871 2557 939 2622 aliis
968 2575 1038 2620 vero
1057 2569 1128 2620 nocet

105 2685 113 2696 ·
141 2739 145 2744 ¹
237 2671 268 2728 et
287 2665 416 2736 resistit,
439 2663 507 2726 eliis
528 2663 651 2736 invidet,
673 2680 707 2726 se
722 2665 824 2742 ipsum
846 2671 989 2728 maceret.
1025 2657 1127 2740 Rubigo

237 2778 268 2835 et
289 2769 403 2833 vermis
424 2776 472 2832 est
498 2769 591 2834 bomo
613 2771 682 2834 tulis
703 2770 732 2833 in
754 2771 924 2849 republica,
953 2771 1011 2832 sibi
1030 2780 1058 2833 et
1075 2772 1127 2832 utiis

236 2877 357 2942 noxius
399 2873 538 2944 mummi
560 2874 672 2943 bietben
692 2881 724 2944 rt
746 2875 815 2958 oud
836 2875 1007 2964 pompeio.

236 3042 377 3106 Melius
413 3050 472 3106 est
507 3043 684 3122 pugillus
717 3059 801 3106 cum
841 3044 996 3123 requie,
1034 3055 1124 3122 quun

237 3151 350 3230 plenu
369 3157 537 3228 utraque
564 3165 697 3212 munus
721 3167 802 3212 curn
825 3147 964 3214 labore
985 3159 1020 3214 et
1040 3151 1125 3212 utiti-

523 3256 656 3318 otioue
683 3257 864 3356 spiritus.
942 3263 945 3268 “

223 3373 226 3386 ⁵
268 3421 271 3428 ·
298 3410 385 3486 siloe
411 3415 514 3489 potest
540 3409 662 3489 intelligi
689 3410 802 3475 dictum
832 3428 852 3474 a
877 3412 970 3476 stulto
994 3410 1125 3481 imitative,

211 3723 214 3730 Ι
306 3653 333 3720 1)
352 3649 515 3719 complicum
534 3665 633 3707 mrum.
667 3651 877 3724 ‘m)1’rbverb.
897 3652 922 3708 d.
983 3651 1016 3724 n)
1035 3651 1125 3706 Plinius.

238 3747 271 3817 o.)
291 3741 436 3800 Comedere
453 3741 557 3812 osrpcrn
576 3753 625 3799 etc.
688 3795 691 3802 ι
797 3753 799 3756 ’

305 3837 359 3906 db)
376 3838 517 3907 „rompon‘
536 3839 611 3894 decri
629 3839 738 3911 (1532).
787 3841 835 3928 ⁰⁸0
853 3849 1014 3928 mucemt're
1033 3838 1126 3912 (titt).
