2406 4322
344 237 531 334 emanatio
550 269 726 362 suenonis.
868 303 873 318 ·
931 261 992 336 191

80 452 220 556 sirmiae
240 457 472 518 contemnuntur
492 451 574 530 nond
599 421 747 519 mundam
767 455 799 512 et
819 449 849 512 in
870 447 995 524 mundo.

81 559 163 638 nond
183 558 280 624 Deum
302 574 376 622 vero
396 556 666 632 tenementum,
688 557 883 636 sient-supra
903 553 996 622 dixit:

80 664 136 742 Qui
157 666 242 730 timet
262 665 368 741 Deum,
387 665 467 729 bene
487 664 636 728 hebebit.⁴
664 663 798 734 Mundus
819 669 920 730 autem
941 661 1015 726 dat.
1098 693 1100 698 ·

64 769 208 834 eandem
238 771 409 836 mercedem
430 772 521 836 bonis
543 779 574 836 et
599 770 705 875 malim
735 767 838 836 omnia
854 775 928 834 sunt
949 770 998 834 ine
1013 763 1035 812 Ἰ

80 883 182 953 grata,
202 875 276 940 nihii
298 879 411 942 teoisre
431 877 561 958 benigne
582 884 638 942 est.

78 1029 155 1094 Hoo
177 1039 353 1112 ostergo
375 999 588 1129 pessimum
610 1027 996 1109 intervenientes

380 1140 481 1206 tiuut
501 1140 573 1203 sub
595 1139 689 1202 sole.
812 1190 817 1202 ,

160 1266 277 1332 idest:
305 1285 359 1332 eor
373 1265 449 1348 ¹²⁸)
473 1265 641 1336 humanum
655 1266 802 1333 infirmius
823 1273 880 1342 est,
901 1281 994 1345 quom
1031 1251 1033 1270 '
1072 1303 1074 1310 ,
1096 1281 1103 1298 ι

76 1379 111 1435 ut
130 1375 234 1451 possit
253 1376 332 1440 ferre
351 1374 432 1440 hano
447 1375 677 1456 perversitatem
701 1373 813 1444 mundi.
857 1371 913 1450 Qui
933 1387 995 1436 nou
1072 1405 1075 1418 ·

75 1477 193 1546 habent
214 1480 352 1546 timorem
364 1481 493 1554 Domini,
514 1497 574 1544 non
596 1480 898 1559 possunt.patienter
918 1480 995 1541 terre

73 1583 157 1650 hane
184 1587 448 1666 iugratitudinem,
480 1590 552 1651 item
581 1587 695 1651 nullum
721 1601 793 1680 esse
821 1591 995 1666 respectum
1027 1581 1029 1589 ’

75 1693 228 1760 bonorum
249 1703 280 1758 et
301 1695 466 1770 malorum,
494 1693 575 1758 idem
597 1692 738 1756 aoeidere
759 1691 912 1756 omnibus.

72 1858 288 1952 Hineergo
309 1859 498 1941 impletur
524 1875 590 1925 eor
608 1857 804 1922 hominum
833 1856 995 1920 matitia.

155 1987 191 2052 Id
213 1997 278 2067 est,
298 1989 512 2070 indignatione,
533 1975 689 2069 aanor,
711 1987 785 2067 quia
805 2004 866 2051 oon
888 1987 995 2049 inteili-

72 2095 255 2172 gunt‚'.neo
283 2104 416 2179 possunt
444 2113 480 2160 se
508 2095 551 2160 ita
580 2096 751 2168 instituere,
783 2101 817 2158 ut
833 2094 996 2163 imitentur
1073 2099 1078 2128 ¹

71 2201 189 2276 Deum,
230 2203 283 2284 qui
312 2203 388 2286 ptuit
417 2219 512 2283 super
543 2202 644 2267 bonos
677 2209 707 2265 et
734 2201 842 2264 maios.
895 2199 993 2264 Credo
1042 2193 1044 2198 ’
1143 2183 1144 2190 ¹

72 2315 177 2371 autem
213 2309 264 2372 hio
294 2309 392 2371 taxari
424 2307 629 2388 philosophos
659 2315 690 2373 et
725 2307 911 2380 monoohoS,
939 2305 993 2386 qui
1023 2296 1028 2306 ¹

69 2413 131 2477 ista
153 2433 217 2479 non
239 2417 370 2480 terentes
392 2415 577 2479 deserebant
593 2415 747 2488 mundum,
768 2431 829 2478 oon
851 2414 995 2478 voieboot

71 2521 194 2585 servire
221 2502 339 2600 ing'mto
371 2521 496 2586 mundo.
545 2521 618 2585 Vult
642 2527 744 2585 autem
772 2521 934 2593 Salomon,
960 2525 995 2582 ut

71 2644 237 2690 versemur
256 2621 287 2692 ir't
315 2627 409 2693 rebus
436 2635 467 2695 et
487 2643 694 2706 agnoscamus
721 2627 866 2690 mundum
893 2631 994 2703 neque

70 2733 284 2798 deterreamur
303 2733 373 2812 ejus
390 2729 467 2815 ¹²⁹)
490 2734 702 2812 ingratitudine
724 2735 763 2796 ab
785 2732 914 2811 agendo,
936 2731 993 2794 sed
1042 2741 1052 2764 ⁸

69 2841 227 2906 imitemur
248 2849 364 2922 petrem
379 2835 455 2922 ¹⁸⁰)
483 2849 634 2916 nostrum,
662 2841 716 2919 qui
738 2837 873 2919 quotidie
894 2831 991 2901 s'oiem
1092 2903 1094 2916 ⁴

70 2964 166 3012 suum
190 2949 261 3014 oriri
282 2948 354 3012 iacit
375 2951 469 3028 snper
488 2947 587 3010 bonos
610 2953 639 3009 et
661 2945 774 3019 maios,
796 2945 901 3008 Matth.
921 2941 950 3010 5.

68 3099 113 3168 Et
146 3112 277 3200 manet
303 3102 479 3172 stultitia
502 3104 547 3166 ,in
579 3101 765 3166 cordibus
791 3117 923 3172 eorum
953 3106 991 3170 et

179 3211 399 3276 novtrsima
421 3225 549 3279 eorum
572 3208 673 3287 apud
695 3215 878 3278 mortuos.

155 3337 192 3401 id
213 3347 275 3404 est:
307 3339 474 3403 moriuntur
494 3337 562 3401 siue
582 3338 644 3400 utto
666 3331 776 3416 otreio,
805 3334 894 3416 quoni
915 3351 993 3402 nun·

68 3458 168 3524 qnam
196 3443 360 3519 vixissent,
389 3445 497 3510 umbro
514 3451 597 3516 'sunt
623 3443 652 3547 in
681 3443 741 3508 irae
770 3445 846 3516 nita,
878 3444 1001 3508 nomini.

67 3553 182 3640 utiles,
208 3568 299 3618 nemo
328 3551 489 3632 participat
517 3552 636 3616 iliorum
663 3550 786 3626 officiis,
812 3567 869 3614 neo
890 3551 1014 3648 bortis,¹
1093 3620 1097 3638 ,

144 3782 215 3854 118)
232 3799 282 3842 nor
308 3781 414 3854 (1882).
468 3778 536 3854 178)
554 3781 616 3854 piare
636 3779 749 3855 (titt).
803 3779 868 3852 188)
885 3788 989 3846 tim

68 3876 188 3950 (1888).
242 3917 284 3950 ,.
334 3915 337 3924 ·
694 3917 696 3922 ·
920 3919 923 3934 .

651 4063 658 4100 i
