2448 4324
203 243 267 316 240
502 225 601 326 'cion
622 248 821 310 comesurum

206 429 407 506 voluptatem,
441 428 532 506 quasi
560 429 657 492 dicat:
691 417 803 492 Senex'
819 429 903 490 culta
930 445 963 488 re
981 425 1130 504 jucunda

204 535 262 600 troi
285 541 402 614 potest,
428 535 486 598 sed
514 536 553 598 ad
574 537 676 598 omnia
696 543 753 598 est
781 537 903 628 inutitis.
945 534 1035 597 Nullo
1057 535 1128 612 eius

201 639 338 718 jncunda
368 647 416 703 est
449 643 644 704 conversatio
677 649 730 704 aut
757 642 958 719 colloquium,
991 641 1049 704 sed
1078 649 1130 704 est

205 747 307 808 vinnm
336 747 477 808 cadaver.
521 747 617 827 Vides
639 765 713 823 argo
736 765 806 808 omn
826 747 878 810 trio
902 749 987 826 ioqui
1010 748 1050 810 de
1073 749 1129 809 dc-

29 861 34 872 *
142 887 148 902 «
204 853 319 930 crepito
340 859 369 913 et
391 853 485 914 inutili
507 861 677 926 senectute,
699 869 759 916 non
782 855 821 918 de
842 869 894 926 eo,
917 840 1008 932 quae'
1022 851 1129 915 adhuc

85 1046 91 1056 ι
203 958 285 1020 utilis
306 965 355 1020 cst
376 959 516 1034 gerendis
537 961 639 1022 rebus.

813 1021 822 1081 [i

205 1127 300 1223 Quia
339 1140 415 1210 ibit
447 1145 557 1211 horno
598 1143 634 1209 in'
674 1147 821 1210 domum
862 1148 1128 1237 aeternitatis

84 1249 86 1258 ’
205 1267 315 1328 suae,
336 1261 373 1316 ct
390 1253 653 1318 circumibunt
674 1254 710 1316 in
729 1229 1128 1332 ptate'aplangentes.

287 1408 441 1472 Intersarit
467 1411 581 1482 iocum,
616 1398 669 1489 qui
696 1412 778 1487 cogit
804 1427 863 1474 nos
891 1410 1059 1486 intelligere
1088 1413 1128 1473 dc

207 1515 277 1594 ipsu
294 1522 451 1610 senectute
472 1514 651 1595 hocceput
693 1517 766 1578 Vult
783 1516 903 1578 dicero:
925 1515 1006 1578 Nihil
1020 1525 1128 1590 restat,

93 1699 94 1704 ἵ
151 1610 156 1618 ’
204 1622 263 1684 nisi
286 1623 369 1700 quod
395 1621 490 1686 homo
512 1623 606 1686 vadat
626 1625 657 1684 in
679 1623 802 1686 domurn
827 1622 1014 1685 aeternitatis
1038 1639 1128 1695 suae,

72 1725 75 1734 ’
192 1729 235 1804 ,ἰὰ
269 1737 331 1801 cst,
371 1729 552 1806 sepulcrum.
610 1729 791 1808 Sepulcrum
823 1731 902 1791 enirn
931 1737 980 1791 cst
1011 1729 1127 1796 donrus

205 1834 392 1908 aeternitatis
401 1834 442 1914 a)
471 1834 538 1900 sive
565 1835 668 1898 mundi
697 1837 762 1910 sui,
794 1835 865 1914 quia
894 1853 932 1898 co
964 1836 1063 1908 vadit,
1096 1844 1128 1897 et

205 1957 266 2004 non
295 1938 462 2007 revertitur.
505 1942 623 2004 Interim
651 1944 790 2020 lugemus
818 1959 902 2014 cum,
930 1942 984 2020 qui
1013 1943 1055 2004 ad
1077 1959 1129 2003 sc-

92 2041 94 2053 ‘
150 2041 152 2047 ’
206 2048 345 2146 pulcrum
368 2049 469 2110 fertur.
510 2043 576 2112 uto
593 2046 793 2132 meutcnttttb
815 2045 931 2130 Riecte
953 2043 1034 2129 tetigt
1055 2039 1128 2114 matt

109 2133 116 2152 ⁸
145 2203 148 2210 -
205 2151 334 2235 {butum
343 2151 439 2228 (βῑαῦ.
461 2152 545 2214 Time
556 2170 629 2236 ergo
641 2155 737 2220 Deum
753 2163 915 2234 antequam
929 2149 1126 2233 venies²j⁴⁸)

207 2261 245 2322 ad
270 2268 472 2332 senectutem,
500 2259 572 2338 quia
596 2268 659 2322 turn
689 2261 761 2323 nihil
783 2261 928 2333 habebis,
957 2261 1017 2322 nisi
1040 2262 1127 2340 quod

152 2377 155 2382 ·
206 2373 236 2428 te
257 2383 327 2428 cum
348 2368 471 2444 planctu
494 2365 620 2430 efferent
642 2367 682 2429 ad
704 2369 886 2446 sepulcrum.

81 2581 89 2602 ν
157 2621 162 2628 ,
207 2557 422 2635 'Antequam
457 2555 859 2647 tollatur-funiculus
895 2563 1130 2646 argenteus,

373 2670 411 2724 at
432 2661 563 2726 fontes
584 2663 692 2724 aurei
718 2663 956 2726 auferantur.

206 2851 248 2886 ι,
288 2813 321 2880 Id
343 2820 406 2876 cst:
432 2813 612 2893 priusquam
634 2790 738 2876 cessat
759 2827 834 2877 esca
854 2821 885 2876 et
906 2820 1015 2891 potus,
1043 2831 1129 2893 quae

208 2903 422 3019 comparantur
453 2920 584 2982 iunicuio
621 2927 764 2998 argenteo
803 2938 841 2984 ac
879 2937 955 2982 auro
984 2921 1128 2994 rotundo,
1221 2969 1222 2982 ,

28 3026 1222 3115 ,ἋΜΜΜΜΜᾞΜΜΜᾎ

132 3166 136 3188 0
207 3135 339 3198 circulus
365 3131 491 3196 recurrit
523 3140 552 3192 et
581 3131 659 3193 redit
674 3131 715 3193 'in
744 3133 889 3195 circutum
912 3137 1048 3212 semper,
1077 3136 1127 3195 sic

207 3241 298 3304 etiarn
320 3256 393 3302 esca
415 3247 445 3301 ct
466 3245 556 3317 potus
577 3254 701 3326 sernpcr
721 3247 887 3312 recurrunt,
909 3249 938 3301 et
960 3246 1031 3302 sunt
1053 3256 1128 3301 vere

208 3355 370 3424 argenteus
400 3345 564 3419 funiculuS,
592 3345 665 3423 quie
687 3348 785 3410 sotum
808 3347 937 3408 abistis
961 3334 1074 3424 pendet
1096 3353 1126 3407 et

207 3429 401 3538 sustentatur
414 3447 476 3514 'vito
497 3459 609 3516 nostra.

208 3643 417 3666 W

173 3755 175 3762 ’
283 3750 313 3819 e)
335 3739 492 3818 Sepulcrum
510 3717 785 3804 domusaetaruitutie
804 3745 912 3819 (1536).
1022 3749 1028 3814 ᾗ

280 3828 350 3916 tro)
369 3843 461 3919 ventor
481 3836 591 3914 (reae).
647 3881 681 3914 Ν.
925 3851 926 3854 ¹
