2386 4316
186 235 253 303 ³12
429 281 436 332 ‚¹
512 195 607 318 caput
622 237 793 340 secrrndum*

102 436 106 444 ·
186 421 283 485 velles
305 426 376 493 etc,
401 419 481 482 sicut
502 401 767 498 aliudprc'lanum
787 418 1018 504 idololatrarum
1044 419 1112 478 vul-

185 542 261 602 gus,
298 532 333 614 ut
358 541 413 602 per
441 501 600 604 emplrasin
641 534 795 604 pecorum
811 541 978 587 cavemus
1015 523 1127 595 dicat„

103 693 106 700 ,
185 627 332 712 quodibi
354 631 677 716 otdlumidololatripe
705 632 874 711 periculum
894 631 958 706 sit,
986 629 1048 693 sed
1072 629 1113 692 sit

185 745 269 809 certe
290 729 460 811 exauditio,
481 745 512 802 st
533 745 617 802 certa
637 737 776 802 defensio
798 744 855 801 etc.
905 757 910 768 ’

174 899 357 976 ¹Ostende
377 901 470 966 mihi
491 903 636 967 faciem
656 898 775 978 tuam,
804 911 919 966 sonet
940 921 1016 966 vox
1042 910 1112 964 tua

429 987 774 1074 inauribusmeis
794 1015 853 1071 etc.
878 1054 880 1060 ,

262 1097 520 1218 'Quandoquidem
553 1153 738 1218 perseveras
764 1138 795 1218 ip
824 1136 957 1216 puritate
990 1138 1110 1200 doctri-

181 1260 241 1308 nae
261 1251 292 1306 et
305 1225 413 1307 samolo
427 1247 519 1317 cultu,
541 1262 651 1308 exerce
673 1261 742 1306 eaor
763 1241 793 1306 i'n
816 1223 927 1307 loco-a
948 1260 998 1305 me
1012 1256 1110 1322 pree·

181 1349 311 1427 scripto,
339 1357 429 1412 cunio
450 1358 480 1412 et
501 1351 593 1425 doce,
615 1351 707 1413 lauda
728 1359 759 1412 et
779 1366 837 1430 age
860 1349 984 1428 gratias.
1029 1347 1108 1410 Mihi

181 1455 383 1540 eaimjplacet
403 1455 499 1518 facies
523 1465 555 1519 et
576 1475 639 1520 vox
660 1465 722 1524 tua.
758 1456 841 1518 ‘Nam
863 1453 1105 1536 ciedentium*)

110 1549 115 1580 ²
180 1560 283 1622 omnia
303 1577 398 1638 opera
414 1570 500 1638 grata
521 1573 599 1638 suut,
621 1570 651 1624 et
664 1565 732 1648 Deo
751 1564 890 1641 placent,
915 1562 992 1624 Sunt
1004 1563 1105 1653 verbu
1186 1553 1189 1561 '

129 1655 132 1668 '
179 1666 393 1729 consolatoria.

262 1773 324 1834 Sed
345 1789 426 1835 nunc
447 1774 551 1846 statim
573 1775 728 1838 curabitur
748 1771 919 1851 vulpecula,
941 1793 1022 1854 quae
1046 1794 1103 1838 no-

177 1894 235 1940 vas
263 1879 421 1942 molestius
451 1882 589 1945 concitet.
618 1882 685 1954 ‘Sic
711 1869 790 1970 enim
809 1879 1107 1984 ¹solet‘Sateniffi

179 1981 318 2046 cum‘sit
349 1991 433 2048 totus
462 1989 704 2070 contaminatus,
737 1992 838 2052 tamen
871 2003 932 2048 nou
967 1999 1107 2066 occupat-

57 2084 59 2094 '
84 2061 90 2076 ¹
178 2090 305 2161 cineres,
328 2081 381 2152 aut
401 2093 492 2155 sceda
512 2094 590 2166 loca,
611 2093 641 2154 in
664 2088 777 2172 quibus
799 2092 915 2164 sedeat,
937 2094 996 2156 sed
1016 2094 1102 2172 eligit

108 2195 110 2202 ’
176 2195 380 2258 mundissima
408 2199 492 2277 loca,
522 2201 587 2261 vult
613 2215 685 2262 esse
713 2199 790 2260 inter
816 2198 897 2261 filios
917 2198 990 2271 Dei,
1017 2203 1101 2267 sicut

175 2300 266 2370 iliob.
280 2298 306 2364 1.
324 2319 392 2380 cap.
415 2311 471 2366 est
512 2305 586 2390 ideo
607 2305 787 2368 iuecclesia
807 2304 904 2367 laisus
924 2305 1046 2384 iratres,
1068 2311 1097 2372 in

175 2405 281 2484 politia
301 2407 467 2472 seditiosos
489 2411 574 2506 cives
592 2410 733 2472 concitat.
777 2409 864 2489 Opus
887 2427 963 2489 ergo
986 2422 1043 2490 est,
1064 2425 1097 2480 ut

155 2512 367 2586 *ambulemus
389 2521 493 2589 caute,
514 2524 548 2582 ut
569 2515 742 2580 monet'hic
764 2516 921 2581 Salomon.

108 2717 126 2776 '.
161 2675 314 2757 .Gupite
358 2679 472 2744 nobis
509 2683 665 2762 vulpes,
703 2683 1096 2776 vulpes‘parvulas,

351 2801 450 2874 quae
471 2779 739 2852 demoliuntur
760 2789 907 2854 vineas.

257 2913 385 2975 Vineam
397 2910 474 2994 W)
496 2933 592 2996 supra
614 2913 747 2984 'diximus
769 2935 842 2982 esse
861 2923 1011 3000 populum
1030 2925 1095 3000 Dei,

88 3027 93 3034 ·
173 3019 254 3080 sicut
282 3019 374 3081 etiam
401 3019 482 3084 Esai.
508 3021 537 3104 5,
566 3024 742 3094 ostenditur.
796 3027 896 3090 Facile
925 3036 973 3091 est
1005 3031 1096 3109 igitur

171 3123 353 3216 inlelligere,
386 3128 439 3205 qui
467 3129 529 3191 sint
554 3130 677 3208 vulpes,
710 3148 796 3213 quas,
818 3135 891 3214 capi
912 3135 1008 3212 jubet.
1058 3139 1092 3200 Et

172 3229 242 3292 ideo
264 3230 302 3292 de
331 3231 454 3298 duobus
474 3236 610 3314 vtdpium
625 3232 724 3315 W)
749 3240 913 3317 generibus
935 3241 1025 3318 dicit,
1053 3246 1093 3306 de

172 3336 317 3414 vulpibus
338 3345 369 3400 et
384 3342 520 3418 parvulis
538 3343 691 3428 vulpibus,
712 3350 746 3406 ut
767 3345 918 3424 significet
938 3351 1092 3430 utrimque

136 3445 138 3450 '
170 3441 341 3525 periculum
368 3461 441 3509 esse
469 3447 509 3508 ab
537 3449 647 3512 astutis
673 3458 705 3512 et
732 3452 892 3517 malitiosis
913 3453 1092 3522 hominibus

88 3619 90 3622 ,
143 3555 145 3561 ·
171 3549 201 3612 in
221 3533 378 3627 republica
399 3560 429 3615 et
449 3555 592 3618 ecclesia.

245 3735 277 3804 ‘l
294 3703 385 3814 iipera
410 3739 581 3809 credentium.
637 3707 685 3811 ⁴3)
704 3741 783 3799 Satara
803 3743 881 3814 eligit
896 3743 959 3802 loca
974 3751 1108 3806 mundis-

65 3829 67 3833 ’
172 3828 248 3882 eima.
308 3831 375 3902 Μ)
396 3832 491 3890 Vinea.
546 3835 631 3906 Μ’)
653 3836 712 3892 Duc
730 3837 849 3909 vulpium
867 3857 976 3910 peracre.
