2484 4320
348 242 531 304 Ecclesiastico
551 238 719 302 Salomonis.
825 244 831 255 ‘
950 227 993 298 89

98 427 313 510 praevaleat
341 424 500 503 aliquis,
527 423 604 485 duo
631 427 757 484 tumen
785 421 990 484 resistunt.
1083 451 1084 454 π
1117 465 1120 472 ,
1151 497 1162 510 ἢ

165 534 277 594 liuuis
299 533 446 610 tri'plex
467 530 689 593 difficulter
708 530 908 607 rumpitur.

167 659 328 750 consilium
349 686 535 760 Salomonis,
562 703 624 765 quo
649 685 841 748 commendat
862 685 992 748 societa-

99 795 209 872 tatami)
236 800 266 856 et
287 795 528 856 communionem
549 809 659 867 rerum,
682 799 712 854 et
728 791 816 870 jubet
836 791 879 854 uti
900 791 994 854 rebus
1101 831 1104 844 .

96 899 312 982 praesentibnS,
340 907 370 962 et
401 900 556 973 laborare,
584 899 638 962 sed
668 915 728 960 nou
756 897 815 961 sibi
837 899 909 972 soli,
937 897 994 960 sed
1077 985 1081 988 -

98 1026 143 1087 pro
167 1005 293 1068 aliorum
322 1005 412 1068 etiam
443 1023 512 1068 usu.
551 995 738 1069 'Communia
765 1011 813 1066 est
845 1005 927 1066 bona
956 997 996 1065 ad
1029 993 1030 998 ’

97 1130 137 1176 res
156 1107 405 1190 servandcsss).
448 1093 569 1174 Aratus
598 1119 699 1174 autem
725 1127 786 1173 nou
809 1111 923 1189 patitur
942 1125 996 1173 so·
1039 1191 1040 1196 ἵ

97 1221 178 1291 cium,
207 1225 239 1280 et
260 1217 384 1281 damnat
405 1219 648 1281 communionem
668 1233 784 1289 rarum,
806 1231 996 1294 congregans

96 1325 145 1388 eibi
165 1319 239 1398 soli,
267 1331 296 1386 et
325 1330 373 1386 est
401 1340 486 1386 vere.
503 1324 589 1386 cauis
615 1323 650 1385 in·
667 1323 830 1401 praesepio
842 1321 889 1402 ¹1).
930 1323 996 1385 ilos
1013 1312 1033 1357 '·

96 1429 238 1493 solitarios
268 1424 370 1508 ειη)
395 1427 649 1508 congregamus,
676 1446 737 1491 nou
757 1427 914 1501 homiues,
942 1407 998 1490 sed
1027 1407 1031 1423 Χ

95 1535 199 1598 bestias
228 1541 258 1597 et
285 1552 393 1608 canes,
420 1535 553 1619 damnat„
569 1534 620 1597 hic
642 1535 795 1598 Salomon.
836 1533 997 1610 Pulchrius
1087 1563 1090 1570 ⁴

95 1648 142 1715 ost,
160 1642 266 1721 inquit,
287 1641 435 1704 vivereid
449 1642 595 1706 societate
610 1647 640 1704 et
658 1640 869 1705 communione
884 1657 994 1732 rerum.

95 1749 173 1824 Quia,
202 1749 231 1810 si
252 1764 332 1810 unus
354 1747 496 1810 ceciderit
517 1753 573 1808 etc.

164 1853 254 1916 Hunc
274 1855 375 1917 locum
398 1857 550 1948 torserunt
580 1853 619 1915 ad
640 1859 801 1931 peccalum
827 1859 859 1916 et
878 1835 999 1918 ocules-

95 1960 202 2022 sionem
212 1957 260 2036 v),
282 1960 329 2022 sic
349 1959 549 2037 intelligentes
571 1965 602 2020 et
622 1968 809 2037 exponentes
830 1958 911 2046 hunc
934 1966 1000 2022 lex·

94 2073 162 2126 tum:
196 2065 230 2128 Si
256 2065 347 2127 luerit
376 2067 485 2155 aliquis
507 2070 635 2143 peccato
656 2063 780 2144 lapsus,
810 2073 841 2127 et
860 2083 920 2128 nou
942 2065 1000 2128 ha-

93 2173 182 2232 buerit
203 2169 456 2249 virum‘aliquem
478 2157 630 2243 sanctum,
653 2172 703 2234 cui
724 2171 916 2245 confiteatur,
937 2190 999 2235 uon

94 2283 188 2354 potest
208 2277 235 2339 is
259 2267 391 2354 surgere
407 2277 437 2339 in
459 2277 552 2339 vitam
574 2277 695 2355 pietatis
716 2285 747 2341 et
767 2278 892 2354 gratiae.
935 2277 998 2342 Sed
1070 2336 1075 2355 g
1113 2331 1116 2338 ,

93 2390 243 2444 ostensum
265 2389 329 2455 est,
351 2378 545 2446 Salomonem
567 2383 651 2461 loqui
673 2383 710 2445 de
732 2401 824 2450 eursu
845 2382 998 2454 humanae
1119 2417 1122 2422 ·

92 2488 174 2568 vitoe,
187 2487 246 2550 sub
269 2488 345 2560 sole,
367 2487 518 2550 adversus
539 2485 770 2567 humanam¹³)
793 2489 998 2557 allllctionem.
1081 2503 1082 2508 ’

92 2591 279 2657 commendat
305 2592 394 2654 enim
414 2593 656 2655 communionem
684 2602 714 2656 et
735 2598 912 2659 societatem
939 2596 999 2660 hu·
1062 2659 1066 2670 ,

91 2715 205 2760 uanam
225 2699 255 2760 in
277 2697 369 2760 rebus
392 2699 527 2760 fruendis
549 2699 700 2764 adversus
716 2701 808 2764 vitam
830 2703 998 2766 solitariam

92 2803 178 2864 avari.
221 2805 292 2866 Vult
320 2804 434 2866 dicere:
463 2804 585 2867 Avarus
595 2807 638 2884 w)
668 2822 726 2869 nec
758 2808 816 2870 sibi
833 2824 903 2896 *uec
930 2794 998 2873 aliis

91 2909 167 2972 utilis
188 2916 243 2972 est.
285 2909 381 2972 Nemo
404 2909 470 2986 ejus
492 2911 653 2974 commoda
674 2913 780 2986 sentit,
809 2913 924 2993 quippe
944 2916 999 2995 qui

92 3031 153 3076 cum
175 3014 293 3076 nemine
310 3016 393 3088 vivit,
415 3017 468 3096 qul
489 3033 564 3080 suas
586 3034 637 3081 res
660 3019 718 3080 sibi
740 3020 798 3081 soli
814 3019 915 3095 habet,
935 3021 997 3107 imo

91 3119 204 3182 habeus
223 3137 284 3183 non
309 3118 412 3184 habet.
454 3121 546 3200 GuJus
575 3140 648 3188 vcro
669 3125 750 3187 vitae
770 3127 847 3190 ratio
868 3145 928 3192 non
950 3136 1000 3196 est

91 3227 133 3287 sio
146 3227 286 3300 solitarie,
309 3227 376 3305 ejus
398 3237 468 3292 suut
490 3236 572 3292 certa
593 3231 694 3309 aliqua
709 3233 880 3298 commoda.
911 3235 999 3300 Utilis
1050 3311 1052 3316 ,
1118 3279 1129 3305 .

86 3385 294 3400 w

158 3469 180 3536 t)
196 3467 315 3522 Societae
333 3468 529 3524 commendatur
547 3468 654 3538 (1530).
720 3469 755 3539 ιι)
766 3469 852 3529 'carie
875 3473 903 3528 in
921 3490 998 3545 prae·

92 3561 172 3630 sepio.
211 3565 245 3630 r)
266 3563 403 3618 Sententia
422 3563 469 3619 illu
488 3566 519 3618 ad
532 3563 648 3621 Condere.
663 3565 779 3624 detorta.
830 3570 874 3634 w)
893 3569 997 3626 Avarus

92 3654 198 3725 uera:
216 3655 283 3712 nuru
302 3656 391 3713 uttlis.·
543 3637 548 3646 ’
899 3633 905 3646 ’

159 3751 206 3822 ll)
235 3751 408 3828 „communic
441 3762 481 3808 ccl
509 3783 544 3798 -
581 3754 741 3811 ιεινιιιιιΙιιιι
771 3755 847 3813 decet
883 3757 995 3832 (1530).

90 3844 143 3913 72)
161 3847 219 3914 „al“
237 3847 313 3904 deest
331 3846 444 3918 (15³2).
492 3847 544 3916 to)
558 3863 658 3906 ¹vertam
677 3848 788 3929 (teor).
