2406 4322
143 187 270 348 ‚nee
458 193 785 342 'murem
905 239 906 246 ‘

206 453 331 520 temper
348 439 512 524 moliantur
531 447 563 504 ot
583 449 708 520 sperent
728 441 860 518 inmite,
880 408 971 508 antee
990 443 1125 508 mortm-

205 551 254 607 tur
274 561 368 626 quern
390 545 549 610 dimidium
572 545 727 610 eiieoorint
748 557 802 612 aut
822 551 978 614 consecuti
999 550 1070 616 sint

202 707 272 774 Est
292 719 330 774 et
349 710 427 776 ista
449 697 746 800 vanitas,'quae
766 715 813 778 iit
834 721 1123 798 superterram.

202 815 414 896 Suntjusti
444 819 590 899 quibus
621 821 767 894 evenit,
802 822 921 900 quani
952 823 1122 887 iecerint

71 985 73 990 .
198 937 321 1002 opera
352 925 575 1004 impiorum,
615 934 653 990 et
688 934 779 991 sunt
810 928 934 1008 impii,
968 931 1120 1010 quibus

196 1031 352 1108 evenit,
374 1034 489 1110 qnasi
511 1033 680 1098 fecerint
701 1015 823 1113 opere
839 1033 1051 1112 iustorum.
1078 1033 1124 1098 Et

352 1137 435 1200 dixi
456 1139 573 1202 etiam
595 1139 670 1205 hoe
691 1130 830 1204 vonum
849 1154 953 1207 esso.

154 1377 159 1388 1
282 1293 367 1359 Haeo
388 1275 449 1366 duo
471 1273 562 1360 ratde
583 1294 741 1360 offendunt
761 1311 815 1358 eor
835 1293 1020 1370 humanum,
1046 1311 1123 1375 poe·

199 1417 271 1464 narn
292 1399 405 1472 differri
426 1402 567 1480 ingratis,
589 1411 620 1466 et
640 1391 781 1466 a'ooidere
794 1403 875 1465 mala
900 1401 1000 1476 bonis,
1019 1401 1123 1466 bonos

199 1524 272 1574 esso
293 1508 424 1590 inuisos.
446 1493 559 1588 impios
582 1524 654 1572 vero
675 1501 801 1571 esseio
823 1507 950 1588 pretio‚.
964 1515 996 1571 et
1016 1513 1123 1572 tamen

195 1595 259 1704 isto
279 1608 362 1676 flunt
405 1601 484 1699 Olim
505 1613 607 1704 impiis
629 1612 846 1677 sacerdotibus
877 1613 981 1678 omnia
1002 1611 1124 1678 daban-

193 1727 261 1806 tur,
280 1737 363 1807 nuno
381 1721 443 1798 piis
465 1737 525 1784 non
557 1721 646 1814 dator
676 1720 794 1796 vietus,
828 1734 890 1784 non
919 1720 1041 1784 aluntur
1068 1719 1122 1800 qni

194 1826 308 1914 donent
333 1827 364 1893 in
392 1825 528 1898 sohotisn
566 1811 812 1890 Liberotoribns'
828 1825 935 1890 mnndi
968 1817 1064 1890 nitri!
1072 1833 1124 1892 est

198 1913 330 2014 gratim,
350 1934 410 1996 nisi
431 1933 515 2012 quod
537 1935 769 2014 oonouleontnr3
803 1933 856 2011 qui
887 1948 960 1996 vero
988 1933 1123 2010 perdunt
1150 1959 1171 1984 „-

198 2038 344 2130 reuredum
370 2047 401 2104 et
427 2037 517 2116 matio
545 2028 744 2124 immergunt,
778 2037 836 2102 iliis
865 2038 988 2100 abunde
1016 2039 1122 2101 omnia

198 2145 322 2240 dentur.
343 2145 423 2210 siem
442 2161 524 2209 nuno
544 2131 644 2226 ptoris'
662 2141 872 2216 conducuntur
883 2144 1004 2218 milites,
1025 2157 1123 2224 quom

197 2252 253 2334 poi
273 2259 356 2315 rente
376 2252 499 2316 donent.
540 2251 625 2328 Haeo
646 2252 737 2318 toties
756 2251 912 2322 dicuntur,
938 2257 971 2314 ut
998 2248 1122 2313 erudia-

200 2375 269 2422 mus
292 2374 345 2421 oor
366 2366 397 2421 et
418 2359 517 2421 bonos
539 2357 749 2450 instituamus,
769 2364 804 2420 nt
823 2356 960 2430 discent,
983 2357 1057 2437 qnid
1079 2357 1122 2420 sit
1201 2375 1202 2384 ¹

198 2463 384 2544 mnndusr),
403 2479 514 2542 nempe
535 2462 699 2529 furibundo
720 2469 751 2524 et
774 2463 1014 2542 ingratabestio,
1037 2479 1121 2544 quae

199 2567 357 2632 benefieiis
378 2568 537 2643 efferatur,
559 2547 640 2648 quoe
660 2567 734 2644 nihil
753 2575 873 2648 potest,
902 2567 960 2632 nini
982 2560 1122 2649 exaitare
1200 2561 1201 2643 ξ

196 2673 310 2768 impios
343 2683 375 2738 et
408 2675 580 2756 opprimere
602 2662 680 2753 pios.
722 2673 803 2736 Nihil
834 2661 917 2737 eliud
947 2675 1038 2739 nobis
1069 2683 1122 2738 est

143 2859 148 2868 .
179 2763 449 2860 exspectandum.
713 2855 715 2860 Ι
977 2830 980 2835 .
1199 2809 1200 2895 ᾖ

196 2965 375 3031 Laudari
396 2969 518 3046 igitur
544 2965 761 3040 laetitiam,
799 2967 984 3046 quoniam
1017 2967 1118 3030 nihii
1198 2965 1199 3010 ἶ

196 3075 335 3139 melius
357 3073 582 3138 est‘homini
605 3073 677 3136 snb
699 3073 793 3146 soie,
809 3073 885 3136 nisi
908 3074 1118 3137 comedere
1196 3015 1199 3149 i

196 3189 233 3245 et
253 3181 391 3245 bibere
412 3189 449 3243 et
470 3177 655 3258 gaudere.
704 3179 783 3242 Hoc
804 3179 902 3242 enim
921 3178 1043 3243 habet
1069 3197 1118 3244 ex
1197 3187 1198 3204 ¹

194 3288 336 3352 labore
356 3276 423 3369 per
442 3286 530 3348 dieo
552 3285 660 3348 vitoe
681 3299 787 3359 epae,
809 3302 907 3365 quos
929 3285 1032 3350 Deus
1053 3287 1118 3350 illi

427 3435 435 3448 .
458 3392 629 3470 tergitur
649 3392 720 3456 snb
743 3391 836 3456 sole.

106 3614 110 3618 -
277 3567 428 3647 Repetitio
455 3573 519 3641 est,
540 3539 612 3630 ned
633 3547 819 3660 necessario,
840 3537 915 3647 unio
935 3573 999 3630 tnm
1013 3569 1117 3638 muita
1194 3659 1196 3666 Α

88 3676 91 3682 ’
196 3675 273 3740 dixit
293 3673 399 3748 tristia,
422 3679 456 3736 ut
476 3671 630 3736 videretur
650 3673 698 3736 oui
720 3674 809 3774 eoopi
830 3673 950 3738 oblitos.
983 3673 1118 3738 Mundus
1193 3673 1196 3732 t

267 3871 299 3940 p)
316 3831 435 3926 donnus*
446 3867 516 3926 titt
531 3869 550 3936 τ
567 3868 681 3942 quodne
