2386 4316
483 189 500 220 Ι.

283 381 286 390 ,
362 305 469 366 Cantici
490 303 686 366 (leuticorum
913 301 976 370 293
1022 319 1042 390 g

47 487 167 567 phetas
181 469 260 559 alc,
284 493 325 560 ut,
347 467 417 548 curn
438 485 542 547 videat
564 485 632 548 illos
655 503 780 566 quoque
801 465 886 548 uarie
908 493 974 548 ten·

48 603 152 666 tatus,
191 593 322 672 aequius
353 593 529 671 praesentia
557 592 752 655 incommoda
779 594 862 656 ierat.
924 593 975 655 Sic

49 702 154 764 David
175 701 206 762 in
219 699 300 763 Psal.
320 715 359 763 sc
381 697 624 783 consolatur*):
646 699 763 762 Memor
784 715 837 762 ero
859 713 975 761 mamo-

50 803 350 870 rabiliumtuorum'
391 805 443 868 Sic
469 807 551 868 nulla
573 799 834 884 consalutati),
861 806 975 878 nullum

51 895 199 978 solatium
225 913 376 975 malorum
403 919 465 986 est,
493 930 586 992 quarn
615 914 742 976 verbum
770 907 834 974 Dei.
877 911 1006 1002 Quae·
1113 973 1117 996 Ι

51 1035 177 1100 cunque
187 1001 395 1097 enim'scripta
408 1026 488 1093 sunt,
503 1019 602 1099 inquit
611 1019 725 1082 Paulus
733 1011 824 1081 Rom.
838 1013 975 1095 15ffl),

49 1128 84 1188 in
112 1134 251 1190 nostram
272 1126 513 1189 consolationem
525 1133 605 1194 sunt
627 1127 758 1204 scripta,
784 1133 818 1188 ut
845 1140 901 1204 per
921 1140 977 1202 pa-

51 1233 190 1296 tientiam
213 1211 244 1294 et
264 1233 505 1297 consolationem
519 1233 737 1322 scripturarum
757 1249 846 1311 spem
859 1230 976 1292 habea·
1016 1271 1019 1280 ·

50 1355 134 1401 mus.
186 1336 325 1400 christus
357 1338 444 1401 cruci
479 1338 603 1410 affixus,
635 1339 769 1410 loannes
799 1335 975 1410 decollatae,
1005 1337 1010 1347 ‘

51 1445 161 1508 Moses
188 1444 308 1506 vicinus
342 1422 447 1518 morti,
481 1425 557 1508 cum³
574 1445 639 1521 lam
669 1445 718 1506 sui
742 1460 811 1507 eum
839 1443 976 1522 lapidare

51 1551 167 1613 vellent
194 1555 266 1624 etc,
297 1551 495 1613 consolantur
515 1550 589 1623 nos;
620 1547 654 1613 ut
682 1549 813 1630 aequius
841 1552 975 1612 ieramus

50 1663 170 1720 tantam
190 1655 294 1719 mundi
314 1656 567 1734 ingratitudinem,
583 1643 624 1719 'ut
640 1641 778 1736 simplici
797 1655 897 1718 animo
919 1674 975 1718 no-

51 1771 150 1827 strum
173 1763 324 1826 iaciamus
347 1744 495 1838 olfloium,
523 1771 555 1826 et
575 1759 650 1824 nihil
670 1761 791 1826 hoedos
810 1779 974 1826 moremur.

50 1929 259 2012 Equitatui
286 1944 377 1994 meo
395 1931 431 1990 in
459 1930 640 1993 curribus
661 1929 884 2017 Plraraonis
910 1945 975 1992 aa·

262 2034 436 2106 similavi
457 2043 507 2110 te,
529 2051 612 2098 mea
633 2036 764 2099 amica.

79 2189 199 2254 'Haec
210 2187 460 2270 estamplilicatio
468 2189 624 2254 institutae
634 2185 975 2276 consolationum).
1075 2227 1077 2232 ·

52 2276 140 2360 ¹Sicut
161 2291 346 2359 autemalia
366 2303 506 2376 tempora
526 2289 605 2369 belli,
631 2297 691 2358 alia
712 2297 798 2377 pacis
820 2305 907 2371 sunt,
929 2299 975 2360 sic

51 2419 180 2485 quoque
201 2401 282 2465 hanc
307 2402 574 2481 amplificationem
593 2401 625 2462 in
647 2403 724 2465 duas
747 2389 851 2482 parles
873 2403 975 2466 distri-

52 2512 127 2574 buit
171 2509 268 2577 ,Haec
295 2509 378 2587 prior
409 2525 482 2588 pars
510 2509 551 2570 ad
582 2515 704 2588 tempus
740 2509 913 2575 afflictionis
945 2517 977 2572 et
1076 2532 1077 2540 ¹

51 2616 156 2680 crucis
183 2599 342 2679 rolcrenda
372 2621 431 2679 est.
452 2599 454 2606 ’
479 2614 604 2677 Videris
637 2615 691 2677 tibi
721 2615 751 2676 in
783 2615 977 2679 tribulatione

51 2724 180 2787 deserta
200 2729 231 2785 et
250 2724 347 2797 victa,
375 2738 434 2800 ego
463 2727 564 2784 autern
587 2727 617 2783 te
637 2721 806 2784 assimilavi
828 2723 976 2803 equitatui

52 2846 142 2904 meo,
169 2828 283 2901 idest,
311 2827 341 2890 iu
363 2827 433 2890 meo
462 2835 630 2906 conspectu
651 2844 686 2890 es
714 2843 772 2892 ceu
793 2829 988 2911 victorico·
1107 2875 1111 2891 .

51 2937 141 3009 hors,
164 2949 245 3015 quae
266 2934 306 2996 ad
325 2934 532 2996 dimicandrun
553 2935 785 3008 estinstruota;
807 2934 887 2999 sicut
907 2954 976 2999 cur-

51 3061 110 3107 rus
125 3041 297 3105 Pharaonis
311 3041 447 3103 omnium
460 3040 663 3119 potentissimi
681 3041 764 3117 regis
786 3049 864 3104 sunt.
897 3043 975 3118 Puto

51 3149 125 3212 ideo
154 3145 324 3210 Pharaonis
352 3147 464 3208 iactam
490 3145 689 3219 mentionem,
730 3147 814 3226 quod
843 3147 870 3210 is
898 3151 975 3211 inter
1066 3143 1084 3160 “

54 3271 176 3329 omnes,
191 3253 244 3332 qui
256 3251 382 3314 ludaeis
390 3253 454 3315 noti
464 3259 558 3325 eraut,
569 3253 658 3314 tuerit
669 3251 900 3330 potentissimus
910 3271 974 3317 rex.
1044 3305 1054 3326 ,

138 3357 194 3423 Est
215 3356 385 3422 consolatio
406 3356 547 3437 fideii),
573 3365 734 3437 quae'non
757 3362 896 3434 sentitur,
923 3347 1001 3422 nc?
1054 3371 1065 3390 ⁶

55 3481 118 3549 que
139 3473 281 3546 apparet,
308 3480 379 3528 narn
400 3463 431 3527 in
452 3481 511 3528 suo
533 3469 702 3544 conspectu
723 3447 896 3529 Salomonis
918 3484 977 3546 po·

53 3574 119 3636 litia
148 3579 208 3650 cst
231 3579 297 3635 ceu·
324 3571 445 3634 vermis.
497 3570 618 3649 Quare?
665 3571 742 3647 Quia
769 3571 913 3652 impedita
945 3580 975 3637 et

60 3725 266 3743 .-

296 3771 301 3777 .
758 3743 766 3772 r
998 3757 1010 3766 -
1134 3753 1137 3760 ’

130 3813 163 3885 a)
181 3815 251 3872 rau.
268 3815 313 3871 ro.
368 3813 417 3885 ⁰⁸)
437 3812 591 3872 camarino
608 3815 695 3871 voror.
749 3813 817 3887 ⁸⁸⁸)
836 3815 911 3872 nom.
932 3817 975 3877 to.
1050 3799 1067 3846 -“

60 3909 148 3983 ⁸⁸⁸⁸)
168 3909 346 3983 imputatio
363 3909 561 3974 consolationis.
613 3909 817 4014 ’stt'ccmctatto
835 3911 907 3973 nuci.
1003 3975 1007 3985 ,

444 4226 454 4260 l
