2406 4322
218 239 283 308 titt
421 341 426 346 .
558 239 808 320 caputdeoimcm

222 425 345 500 accidit,
363 418 519 504 sicem)
542 422 696 504 incipiant,
717 419 988 495 siveconclcdant,
1000 421 1131 502 adeoque

147 591 150 599 ,
219 541 302 598 totus
325 529 428 596 sermo
451 545 559 594 eorum
580 538 629 594 est
650 545 735 593 mera
762 527 904 601 stultitia,
937 534 1049 607 eiquo
1071 530 1132 607 plus

220 639 285 703 uult
316 655 443 718 sapere,
473 628 643 716 eo‘mcgis
672 634 786 714 desipit
816 635 946 708 stultus,
978 644 1009 696 et
1040 616 1132 698 tamen

220 742 537 827 proevalottsapienti
559 743 590 806 et
611 743 741 806 devorat
762 741 881 822 optima
899 739 1044 814 consilio,
1064 741 1134 804 sicut

218 851 384 931 clesma)
408 849 524 928 optime
545 849 667 914 docenti
688 848 911 927 praevalebant
932 844 1151 926 rhamseettp

219 958 371 1046 apostolis
391 956 501 1020 iudaei
521 963 553 1020 et
572 954 838 1034 pseudoapostoli.
871 953 978 1017 Bonos
1000 953 1132 1018 doctores

101 1132 105 1137 ,
219 1067 446 1130 devoraverunt
465 1061 643 1142 mucore),
674 1069 708 1124 ct
734 1077 792 1126 nos
813 1060 907 1126 hodie
927 1059 1131 1139 praedicamus

218 1171 382 1244 christum,
402 1167 461 1234 sed
482 1168 608 1234 veniunt
628 1175 845 1248 persecutores
860 1166 1019 1232 Haeretici
1037 1175 1067 1230 et
1084 1167 1132 1229 de-

217 1283 328 1340 vorant
347 1263 421 1352 nos3
444 1275 502 1338 sed
520 1282 736 1354 exspectemus
759 1273 877 1352 maiora
893 1271 1003 1346 adhuc,
1024 1273 1130 1335 lucrum

218 1383 337 1474 iuterim
357 1388 548 1462 reputantes,
569 1381 654 1461 quod
677 1379 781 1444 adhuc
802 1379 907 1460 eliqua
927 1379 1010 1442 bona
1030 1377 1127 1440 retinc-

219 1507 303 1564 mus,
337 1488 421 1569 quod
449 1487 543 1566 aliqui
575 1485 677 1550 adhuc
704 1492 820 1550 rectum
841 1486 1010 1549 doctrinam
1029 1491 1125 1548 lenem.

391 1653 549 1717 Stultus
572 1651 814 1733 multiplicat
833 1652 966 1717 verba.

259 1837 272 1871 ι,
299 1808 434 1890 Sapiens
457 1808 570 1887 paucis
591 1819 622 1873 et
641 1808 775 1872 breviter
794 1777 890 1872 docet
905 1813 937 1870 ct
957 1805 1037 1880 dicit,
1056 1821 1124 1886 qme

219 1917 330 1980 sertit-
359 1913 415 1980 list
432 1911 514 1976 enirn
537 1913 676 1978 veritatis
698 1914 830 1994 simplex
850 1909 1017 1992 emundi·
1048 1913 1123 1976 stulu
1183 1947 1184 1994 n

218 2039 293 2088 vero
315 2020 472 2085 abundent
495 2020 615 2094 vorbis,
644 2037 702 2084 nec
729 2027 862 2099 possunt
887 2020 1123 2098 compescitum

85 2195 88 2198 ,
216 2127 332 2190 reuinci
353 2124 467 2198 verbis,
488 2134 521 2188 ut
541 2132 671 2199 taceant,
693 2144 748 2206 pro
765 2142 827 2192 uno
842 2126 1029 2205 respondent
1048 2125 1121 2190 mille

217 2233 269 2298 Sic
290 2229 429 2296 illuristus
450 2231 561 2310 paucis
588 2249 713 2312 semper
741 2219 1034 2310 verbisrespondtt
1058 2231 1121 2308 legin

89 2327 95 2334 ’
121 2353 137 2368 ’“
217 2339 390 2417 periurae
410 2334 609 2412 romonem*
634 2355 704 2404 cum
735 2355 825 2404 suram
845 2338 1014 2402 doctrinam
1034 2353 1121 2402 cona

216 2437 296 2519 lleo',
317 2443 517 2508 sed'Sctaoa
538 2460 612 2508 csse
632 2446 897 2526 calumniarentur.
1182 2519 1183 2562 1

215 2583 335 2700 Homo
356 2606 517 2688 ignorat
538 2609 642 2689 quod
663 2585 724 2674 cst
743 2611 1032 2684 cor.cm,eo,'et
1060 2608 1122 2672 hoc

120 2775 129 2795 s
258 2714 359 2796 quod
380 2717 550 2811 loturum
572 2725 633 2780 cst
653 2717 740 2796 quis
762 2714 1022 2782 annunciabit
1038 2714 1088 2781 eit

298 2869 334 2934 ld
354 2877 435 2950 est:¹
458 2856 559 2935 Homo
589 2881 650 2934 uon
678 2871 763 2936 videt
790 2887 872 2952 quae
898 2872 1022 2946 adsum,
1052 2885 1118 2950 qum

216 2983 290 3039 sunt
310 2976 548 3055 inconspectu,
579 2994 735 3058 nunquam
757 2987 805 3042 est
826 2978 1040 3057 praesentibus
1059 2993 1116 3040 cm·
1181 3041 1182 3076 ¹

216 3089 326 3155 tentus,
349 3097 472 3162 semper
494 3091 615 3162 spectat
635 3083 735 3148 aliena
756 3092 786 3146 et
806 3086 923 3159 lutura,
944 3093 976 3148 et
995 3083 1116 3161 relinquit

112 3265 119 3278 s
216 3173 300 3268 quod
331 3173 498 3251 ciclico
528 3198 577 3254 est
607 3189 769 3253 detumet
798 3193 1030 3269 praescriptum.
1064 3189 1122 3252 lam'

215 3287 326 3356 datuni’
341 3299 391 3356 est
409 3279 641 3374 Evangeliums*
657 3284 714 3359 sed
746 3313 819 3361 ecoe
847 3285 887 3361 ad
908 3299 966 3365 alia
990 3287 1113 3376 rapimur.

215 3399 278 3462 Sed
299 3399 359 3462 ista
380 3406 451 3464 ente
471 3401 632 3480 copiosius
653 3410 725 3468 sunt
745 3403 835 3468 diota.

113 3739 115 3746 y
179 3715 181 3736 ,
266 3658 315 3726 ,η
335 3656 462 3714 cusan..
521 3659 555 3730 u)
575 3660 719 3720 ruentum.
777 3665 805 3730 n
823 3633 954 3718 mrum·
1001 3657 1032 3730 u)
1049 3659 1110 3716 uen-

115 3785 120 3794 =
213 3753 275 3850 ”tm
294 3751 405 3821 simplex
423 3755 517 3828 ontio.
605 3771 638 3810 ,·
698 3785 700 3792 -
823 3782 826 3790 ·
944 3769 957 3796 .-
1003 3769 1018 3792 ·.

197 3860 200 3871 ›
286 3844 353 3910 mot
373 3845 421 3901 ne
