2386 4316
447 149 457 180 i

192 277 196 288 ’
225 261 287 328 324
477 251 480 268 '
566 265 656 342 capul
677 267 806 339 quartum

222 446 313 508 etiem
344 443 512 506 vicinarum
550 443 682 521 gentium
698 461 701 468 ·
716 419 900 522 quotidianis
932 435 1096 513 exemplis
1125 443 1151 497 et

222 551 359 613 moribus
388 549 608 623 invitabantur,
642 550 761 612 etiamsi
797 547 916 626 absque
948 543 1042 608 falsis
1078 542 1151 603 doe·

224 657 343 720 toribus
363 662 394 718 et
414 655 694 736 pseudoprophetis
715 655 832 719 luisset
901 673 904 688 ·

314 845 395 908 Duo
417 846 541 907 ubera
560 851 627 908 tua
648 845 753 908 sieut
772 844 848 906 duo
872 839 1043 904 hinnuli.

305 999 429 1062 Praeter
445 1001 520 1072 hoe,
554 981 637 1078 quod
651 997 857 1062 'ministerium
879 995 969 1060 verbi
989 991 1149 1064 describit

219 1121 276 1184 per
295 1107 411 1180 oeulos,
432 1106 547 1179 dentes,
567 1105 703 1183 capillos
724 1105 837 1175 turrim,
858 1105 953 1168 etiam
971 1097 1148 1174 ubemmi)

130 1255 135 1266 .
222 1212 448 1275 similitudinem
469 1211 532 1273 hue
547 1213 688 1290 applicat,
710 1229 791 1291 quae
812 1217 883 1290 apte
906 1207 1058 1273 convenit
1078 1223 1150 1268 eun-

221 1319 437 1392 solationibus,
478 1333 558 1396 quae
596 1316 795 1395 subjiciuntur
830 1317 943 1380 territis
977 1313 1148 1378 mentibus.

219 1423 304 1490 Sicut
324 1425 438 1487 Paulus
468 1423 540 1485 dicit
565 1421 595 1488 2.
618 1425 748 1490 Timoth.
768 1423 805 1488 3:
854 1423 963 1486 Omnis
989 1420 1148 1497 seriptum

220 1531 364 1594 divinitus
390 1531 537 1609 inspirata
574 1531 654 1594 utilis
677 1529 921 1602 adducendum,
946 1528 987 1590 ad
1011 1543 1146 1605 arguen-

122 1613 129 1634 ’
218 1635 307 1711 dum,
329 1637 368 1700 ad
384 1629 573 1713 erigendum,
596 1638 635 1698 ad
657 1637 871 1702 instituendum
891 1634 1071 1712 iniustitia
1093 1641 1146 1695 ete

217 1744 264 1806 lbi
287 1744 367 1804 enim
389 1743 456 1806 sine
477 1743 577 1820 ligura
597 1743 679 1817 dicit,
700 1745 783 1824 quod
805 1743 951 1806 Salomon
972 1740 1030 1804 irie
1054 1740 1146 1820 quasi

62 1887 98 1938 ῃ
219 1848 348 1928 poeticis
370 1848 475 1926 liguris
496 1850 697 1914 adumbravit.
788 1869 791 1879 ·

174 1953 177 1965 '
302 1954 363 2015 Sed
399 1956 554 2032 quomodo
588 1956 727 2019 convenit
755 1954 900 2017 uberibus
931 1962 964 2017 et
999 1955 1143 2032 gemellis

217 2059 370 2122 hinnulis?
392 2061 536 2136 Fortasse
558 2079 595 2124 eo
617 2061 734 2135 alludit,
764 2060 846 2140 quod
866 2077 928 2122 non
950 2060 1014 2122 sint
1037 2060 1143 2130 ubera,

220 2151 324 2245 uuella
343 2174 512 2229 scortorum
535 2175 620 2240 sunt,
651 2167 706 2230 sed
737 2173 822 2228 easta
849 2174 879 2228 et
900 2167 1048 2230 delicata.
1091 2166 1142 2228 Sic

217 2271 250 2334 in
264 2263 407 2335 Proverb.
423 2271 453 2336 5.
475 2289 600 2335 uxorem
623 2272 683 2335 hoe
697 2273 818 2335 nomine
839 2274 988 2353 appellat:
1009 2271 1140 2336 Laetare

223 2394 295 2445 eum
317 2385 494 2454 uxoretua,
515 2385 661 2458 tanquam
682 2395 751 2444 eum
772 2377 904 2444 hinnulo.

426 2546 495 2624 Qui
515 2553 734 2626 pascuntur
754 2521 930 2612 inuasisss

300 2699 393 2781 Atqui
424 2703 457 2764 in
490 2703 585 2786 silvis]
613 2711 791 2784 pascuntur,
823 2703 881 2767 sed
915 2701 1048 2781 pertinet
1075 2699 1135 2763 hoa
1187 2711 1188 2723 ¹

122 2820 126 2828 “
200 2824 345 2896 ¹quoque
367 2807 408 2870 ad
428 2810 677 2889 descriptionem,
698 2799 846 2872 ut'ubera
863 2809 1057 2887 jucunda‘et
1080 2808 1134 2868 de·

140 2913 150 2932 ⁸
218 2913 358 2977 ticatiora
378 2899 551 2992 significet,
575 2935 654 2997 quae
682 2917 796 2980 scilieet
823 2918 1042 2988 intumescant,
1074 2930 1133 2976 non

144 3004 150 3012 ’
218 3034 257 3083 ex
279 3020 332 3084 vili
353 3027 445 3099 pastu
468 3022 621 3102 graminis,
644 3024 700 3087 sed
722 3041 761 3085 ex
780 3023 868 3086 rosis.

298 3127 377 3190 Nihil
405 3127 456 3189 hie
484 3129 634 3193 admoneo
666 3129 705 3192 de
731 3131 857 3208 impuris
886 3127 1130 3206 cogitationibus,

191 3247 299 3316 ¹quae
324 3232 474 3310 juventuti
495 3235 651 3310 incidunt,
692 3253 762 3298 eum
794 3238 872 3298 tales
907 3235 1128 3313 descriptiones

94 3347 99 3354 “
217 3340 349 3403 audiunt.
391 3340 468 3402 Nam
487 3341 613 3419 spiritus
646 3349 771 3405 sanatus
799 3349 904 3406 castus
926 3349 990 3417 est,
1021 3349 1054 3404 et
1084 3342 1127 3402 sie

216 3447 350 3508 meminit
382 3433 585 3512 membrorum
600 3443 660 3528 tl>
688 3449 890 3524 muliebrium,
930 3459 964 3512 ut
993 3466 1030 3510 ea
1059 3447 1126 3510 velit

212 3552 324 3615 intueri
359 3567 415 3615 eeu
429 3593 431 3598 ,
444 3560 541 3617 bonas
573 3563 727 3618 creaturas
747 3556 810 3617 Dei.
852 3555 889 3617 Et
918 3557 949 3618 in
970 3556 1030 3618 hoe
1052 3553 1124 3616 libra

215 3656 289 3719 nihil
311 3663 372 3729 est,
404 3660 487 3738 quod
510 3659 583 3722 mihi
606 3661 728 3742 quidem
748 3663 846 3742 magis
867 3665 1002 3746 placeat,
1036 3678 1122 3741 quarn

218 3770 424 3797 weh-..b

153 3853 186 3909 tv,
249 3836 282 3910 ‘)
302 3837 396 3896 Ubera.
434 3839 768 3914 **)iiembremuliebrin0
829 3846 836 3868 ⁵
873 3875 877 3886 ¹
