2386 4316
552 40 555 49 '
629 49 637 80 t

197 311 202 333 l
323 196 325 208 y
370 226 478 290 Cantici
498 211 685 290 canticorum.
754 243 761 256 ⁸
904 207 985 292 ’289
1049 251 1052 260 ⁴

60 410 140 472 Item
160 410 193 474 in
212 409 291 474 Psoi.
311 405 430 488 1215:
452 409 510 472 Per
531 409 611 474 diem
634 411 681 474 sol
702 426 761 472 non
783 416 849 472 uret
870 375 908 483 te,
930 425 983 472 na·
1045 414 1047 418 ’
1075 489 1077 492 ,
1154 453 1156 456 -

60 533 127 594 qne
145 518 219 578 luna
240 533 294 594 per
308 520 438 579 noctem.
471 516 549 579 Dicit
561 518 659 594 igitur,
680 532 759 578 nunc
776 532 899 611 puaaso
921 517 982 579 ulla

58 621 221 699 nigredine
241 638 280 683 nc
301 620 496 695 offendimini,
522 623 613 686 nolite
635 621 709 685 mihi
731 613 799 684 carn
820 622 980 700 imputare,

59 730 111 790 sol
135 744 183 790 ma
204 726 390 804 denigravit3
412 728 502 812 quasi
524 728 620 790 dicat:
644 728 819 808 ubicunque
841 734 890 790 est
912 745 982 790 ver-

59 833 137 896 bum
159 839 190 896 ct
217 831 321 895 divina
343 833 507 906 ordinatio,
540 835 714 913 ubicunque
736 835 841 914 aliqua
860 835 984 912 politiae
1041 879 1044 888 t

58 945 111 1000 est
132 940 247 1012 torma,
275 939 318 1000 lbi
345 941 393 1000 sol
414 938 515 1002 veniet
536 946 567 1001 ct
587 939 693 1004 afferet
713 941 902 1020 nigredinem
912 937 982 1018 ll).

57 1043 131 1108 Ηοε
158 1051 219 1118 est4
258 1043 399 1108 diabolus
431 1060 467 1107 se
495 1053 711 1124 opponet-bt
743 1047 893 1137 videatur
909 1047 981 1108 illud
1018 1092 1022 1102 ,

57 1151 205 1248 verbum,
236 1151 286 1213 illa
307 1151 413 1229 politia
439 1167 567 1230 prorsus
595 1152 759 1234 defectura.
799 1153 862 1216 Sed
888 1154 981 1222 nolite

57 1255 192 1331 offendi,
218 1272 279 1322 non
300 1257 488 1336 praevalebit
509 1264 606 1321 satan.

146 1425 285 1488 Matris
307 1415 413 1487 meae
433 1423 514 1510 lilii
535 1423 627 1486 mihi
650 1431 897 1518 succensent.

145 1580 198 1642 Sic
219 1580 311 1642 dabat
332 1581 363 1642 in
385 1579 492 1658 politia
512 1579 575 1656 agi,
601 1586 635 1640 ut
662 1594 722 1641 non
746 1577 847 1643 solum
868 1581 980 1642 multae
1021 1581 1024 1586 ’

58 1684 273 1749 tribulationes
296 1687 364 1759 sint,
386 1685 443 1748 sad
465 1693 498 1749 ut
518 1686 611 1748 etiam
630 1684 682 1746 lilii
703 1684 855 1748 insaniant
876 1691 981 1748 contra

58 1799 199 1866 matrem,
220 1791 281 1854 hoc
299 1799 354 1866 est,
376 1790 521 1870 politiam,
542 1799 646 1854 contra
661 1791 836 1866 mandatum
857 1799 889 1854 ct
910 1808 980 1855 ver·
1103 1875 1105 1884 y

56 1897 137 1960 burn
158 1894 214 1960 Del
227 1895 319 2000 Q).
362 1897 418 1973 Qui
440 1898 539 1976 igitur·
550 1899 582 1958 in
602 1898 728 1976 imperio
749 1904 812 1972 est,
839 1899 917 1960 sciat
943 1914 979 1960 se

58 2004 262 2068 constitutum
279 2019 390 2082 super
423 2003 589 2066 seditiosos
625 2004 726 2076 cives,
762 2003 874 2082 qulbus
906 2002 980 2066 nibil
1030 2082 1034 2096 ι

58 2109 164 2181 deest,
193 2099 253 2172 nisi
278 2108 402 2184 occasio
432 2110 594 2174 commoda
619 2109 790 2171 movendae
811 2109 979 2182 seditionis,

58 2225 103 2278 nt
116 2217 170 2294 qui
192 2214 344 2278 debebant
364 2216 395 2277 in
417 2215 676 2278 administratione
698 2231 770 2278 asse
792 2215 913 2289 auxilio,
936 2215 979 2276 illi
1095 2209 1100 2222 '

57 2320 122 2386 hoc
141 2322 265 2420 unicum
287 2327 394 2400 agunt,
423 2321 578 2400 quomodo
599 2335 675 2392 *carn
696 2328 841 2388 evertant,
855 2328 885 2384 et
906 2321 979 2383 diri·
1086 2403 1091 2410 .

58 2428 153 2506 piant.
195 2427 319 2506 Experti
340 2433 411 2490 sunt
438 2423 500 2489 hoa
521 2427 634 2502 David,
662 2428 805 2503 Romani,
835 2434 865 2490 at
886 2426 978 2490 hodia
1014 2483 1016 2492 ,

42 2533 155 2608 ιειεειο
185 2531 266 2598 hano
301 2533 424 2596 unicam
456 2532 590 2598 omniunt
623 2534 775 2600 bonorum
806 2533 977 2612 principum

59 2655 135 2703 esse
156 2633 313 2720 quarelam
327 2635 438 2718 mss),

58 2803 202 2868 P'osita
229 2821 312 2869 sum
345 2812 481 2868 custos
508 2819 628 2881 super
647 2802 812 2900 ,vineam
841 2803 977 2870 Verum
1067 2837 1071 2848 ·

58 2911 216 2976 vincam
237 2927 370 2986 meam,
391 2927 505 2991 quam
524 2905 733 2986 habebam,
752 2927 826 2977 non
850 2919 978 2998 opslo-

396 3062 415 3098 4
472 3016 564 3078 divi.

142 3171 198 3236 Est
218 3171 323 3251 mavis
345 3168 591 3251 querimoniari).
633 3169 755 3233 Fatetur
775 3187 812 3234 sc
828 3170 896 3250 ius,
916 3188 976 3251 po·
1090 3179 1092 3188 '

58 3285 218 3355 testatem,
237 3295 349 3342 nomen
369 3280 451 3356 regis
472 3277 596 3350 habere,
618 3275 676 3339 sad
697 3279 856 3340 exsecutio
878 3295 993 3356 penes*

59 3385 140 3450 alios
168 3390 229 3460 ast,
247 3375 365 3464 inquit.
414 3380 582 3460 Vinculi)
610 3391 657 3446 ast
685 3384 827 3462 populus.
876 3383 976 3462 Super

135 3635 168 3706 ⁸)
186 3635 255 3693 Ptol.
275 3632 335 3688 121.
383 3631 432 3703 ”)
452 3631 568 3688 Verbum
588 3633 797 3704 sepulturarum
821 3630 906 3710 ff)
926 3632 975 3687 Eo·

60 3729 171 3788 alasiam
194 3738 223 3786 et
247 3727 355 3800 politiae
378 3717 472 3783 allilia
490 3726 611 3784 lacerari.
666 3725 750 3798 lm)
772 3726 828 3782 Vox
845 3726 995 3800 bonorum,
1051 3767 1052 3770 ,
1176 3730 1178 3736 '

59 3826 222 3898 principum.
256 3823 291 3896 ι)
311 3821 403 3878 tirarir
421 3823 539 3903 querela.
591 3821 642 3908 ἢ)
660 3818 752 3876 Vince.

85 3929 181 3980 buton
194 3928 327 3988 ⁰lw¹¹v
355 3927 405 3976 Vel.
419 3923 478 3976 xxi.
700 3925 743 3994 19
