<?xml version="1.0" encoding="UTF-8"?>
<!DOCTYPE html PUBLIC "-//W3C//DTD XHTML 1.0 Transitional//EN"
    "http://www.w3.org/TR/xhtml1/DTD/xhtml1-transitional.dtd">
<html xmlns="http://www.w3.org/1999/xhtml" xml:lang="en" lang="en">
 <head>
  <title>
</title>
<meta http-equiv="Content-Type" content="text/html;charset=utf-8" />
  <meta name='ocr-system' content='tesseract 3.04.00' />
  <meta name='ocr-capabilities' content='ocr_page ocr_carea ocr_par ocr_line ocrx_word'/>
</head>
<body>
  <div class='ocr_page' id='page_1' title='image "./exegeticaoperal07luthgoog_0104.png"; bbox 0 0 2484 4320; ppageno 0'>
   <div class='ocr_carea' id='block_1_1' title="bbox 258 245 997 338">
    <p class='ocr_par' dir='ltr' id='par_1_1' title="bbox 258 245 997 338">
     <span class='ocr_line' id='line_1_1' title="bbox 258 245 997 338; baseline 0 -23"><span class='ocrx_word' id='word_1_1' title='bbox 258 255 259 260; x_wconf 76' lang='grc'>’</span> <span class='ocrx_word' id='word_1_2' title='bbox 344 255 529 316; x_wconf 76' lang='lat' dir='ltr'><strong>Ecclesiaatae</strong></span> <span class='ocrx_word' id='word_1_3' title='bbox 546 245 717 338; x_wconf 70' lang='lat' dir='ltr'><strong>Salomonis,</strong></span> <span class='ocrx_word' id='word_1_4' title='bbox 946 245 997 316; x_wconf 78' lang='lat'><strong>91&#39;</strong></span> 
     </span>
    </p>
   </div>
   <div class='ocr_carea' id='block_1_2' title="bbox 88 409 1027 834">
    <p class='ocr_par' dir='ltr' id='par_1_2' title="bbox 88 409 1027 834">
     <span class='ocr_line' id='line_1_2' title="bbox 91 409 988 527; baseline -0.009 -23"><span class='ocrx_word' id='word_1_5' title='bbox 91 439 203 504; x_wconf 86' lang='lat' dir='ltr'><strong>inutiles.</strong></span> <span class='ocrx_word' id='word_1_6' title='bbox 245 435 331 498; x_wconf 87' lang='lat' dir='ltr'><strong>Sicut</strong></span> <span class='ocrx_word' id='word_1_7' title='bbox 353 435 429 512; x_wconf 83' lang='lat' dir='ltr'><strong>dixit</strong></span> <span class='ocrx_word' id='word_1_8' title='bbox 451 437 613 498; x_wconf 84' lang='lat' dir='ltr'><strong>vanitatem</strong></span> <span class='ocrx_word' id='word_1_9' title='bbox 636 449 707 527; x_wconf 74' lang='lat' dir='ltr'><strong>esse</strong></span> <span class='ocrx_word' id='word_1_10' title='bbox 728 409 923 516; x_wconf 18' lang='lat' dir='ltr'><strong>iit-avaritia?</strong></span> <span class='ocrx_word' id='word_1_11' title='bbox 942 434 988 496; x_wconf 85' lang='lat' dir='ltr'><strong>sic</strong></span> 
     </span>
     <span class='ocr_line' id='line_1_3' title="bbox 88 528 1027 626; baseline -0.007 -18"><span class='ocrx_word' id='word_1_12' title='bbox 88 550 140 626; x_wconf 82' lang='lat' dir='ltr'><strong>jan</strong></span> <span class='ocrx_word' id='word_1_13' title='bbox 160 545 229 606; x_wconf 90' lang='lat' dir='ltr'><strong>dicit</strong></span> <span class='ocrx_word' id='word_1_14' title='bbox 254 559 327 605; x_wconf 88' lang='lat' dir='ltr'><strong>esse</strong></span> <span class='ocrx_word' id='word_1_15' title='bbox 352 543 385 602; x_wconf 90' lang='lat' dir='ltr'><strong>in</strong></span> <span class='ocrx_word' id='word_1_16' title='bbox 407 528 587 604; x_wconf 55' lang='lat' dir='ltr'><strong>ambitione(</strong></span> <span class='ocrx_word' id='word_1_17' title='bbox 623 541 700 617; x_wconf 82' lang='lat' dir='ltr'><strong>Quia</strong></span> <span class='ocrx_word' id='word_1_18' title='bbox 720 542 804 603; x_wconf 88' lang='lat' dir='ltr'><strong>multi</strong></span> <span class='ocrx_word' id='word_1_19' title='bbox 824 545 1001 602; x_wconf 72' lang='lat' dir='ltr'><strong>nascuntur·</strong></span> <span class='ocrx_word' id='word_1_20' title='bbox 1026 549 1027 558; x_wconf 76' lang='grc'>’</span> 
     </span>
     <span class='ocr_line' id='line_1_4' title="bbox 90 641 991 728; baseline -0.007 -14"><span class='ocrx_word' id='word_1_21' title='bbox 90 656 114 715; x_wconf 91' lang='lat' dir='ltr'><strong>in</strong></span> <span class='ocrx_word' id='word_1_22' title='bbox 132 667 231 728; x_wconf 89' lang='lat' dir='ltr'><strong>regno,</strong></span> <span class='ocrx_word' id='word_1_23' title='bbox 260 656 412 712; x_wconf 87' lang='lat' dir='ltr'><strong>ettamen</strong></span> <span class='ocrx_word' id='word_1_24' title='bbox 433 641 494 710; x_wconf 81' lang='lat' dir='ltr'><strong>non</strong></span> <span class='ocrx_word' id='word_1_25' title='bbox 516 654 648 710; x_wconf 86' lang='lat' dir='ltr'><strong>manent.</strong></span> <span class='ocrx_word' id='word_1_26' title='bbox 690 647 775 710; x_wconf 87' lang='lat' dir='ltr'><strong>Multi</strong></span> <span class='ocrx_word' id='word_1_27' title='bbox 796 647 991 728; x_wconf 87' lang='lat' dir='ltr'><strong>egrediuntur</strong></span> 
     </span>
     <span class='ocr_line' id='line_1_5' title="bbox 91 753 1003 834; baseline -0.005 -14"><span class='ocrx_word' id='word_1_28' title='bbox 91 761 122 821; x_wconf 84' lang='lat' dir='ltr'><strong>de</strong></span> <span class='ocrx_word' id='word_1_29' title='bbox 140 772 257 819; x_wconf 77' lang='lat' dir='ltr'><strong>carcere</strong></span> <span class='ocrx_word' id='word_1_30' title='bbox 277 755 317 817; x_wconf 86' lang='lat' dir='ltr'><strong>ad</strong></span> <span class='ocrx_word' id='word_1_31' title='bbox 338 759 479 834; x_wconf 81' lang='lat' dir='ltr'><strong>regnum,</strong></span> <span class='ocrx_word' id='word_1_32' title='bbox 508 762 539 817; x_wconf 91' lang='lat' dir='ltr'><strong>et</strong></span> <span class='ocrx_word' id='word_1_33' title='bbox 564 753 781 816; x_wconf 73' lang='lat' dir='ltr'><strong>fiuntdivites·</strong></span> <span class='ocrx_word' id='word_1_34' title='bbox 823 753 881 816; x_wconf 89' lang='lat' dir='ltr'><strong>Alii</strong></span> <span class='ocrx_word' id='word_1_35' title='bbox 901 757 1003 832; x_wconf 83' lang='lat' dir='ltr'><strong>egre-&#39;</strong></span> 
     </span>
    </p>
   </div>
   <div class='ocr_carea' id='block_1_3' title="bbox 90 853 1177 940">
    <p class='ocr_par' dir='ltr' id='par_1_3' title="bbox 90 853 1177 940">
     <span class='ocr_line' id='line_1_6' title="bbox 90 853 1177 940; baseline 0 -13"><span class='ocrx_word' id='word_1_36' title='bbox 90 866 193 928; x_wconf 81' lang='lat' dir='ltr'><strong>liuntur</strong></span> <span class='ocrx_word' id='word_1_37' title='bbox 219 879 353 940; x_wconf 87' lang='lat' dir='ltr'><strong>eregno</strong></span> <span class='ocrx_word' id='word_1_38' title='bbox 373 868 414 923; x_wconf 49' lang='lat' dir='ltr'><strong>&#39;ct</strong></span> <span class='ocrx_word' id='word_1_39' title='bbox 434 861 510 923; x_wconf 88' lang='lat' dir='ltr'><strong>liunt</strong></span> <span class='ocrx_word' id='word_1_40' title='bbox 531 861 628 935; x_wconf 86' lang='lat' dir='ltr'><strong>servi,</strong></span> <span class='ocrx_word' id='word_1_41' title='bbox 661 867 695 922; x_wconf 88' lang='lat' dir='ltr'><strong>ut</strong></span> <span class='ocrx_word' id='word_1_42' title='bbox 723 861 861 923; x_wconf 84' lang='lat' dir='ltr'><strong>sciamus</strong></span> <span class='ocrx_word' id='word_1_43' title='bbox 886 867 990 924; x_wconf 86' lang='lat' dir='ltr'><strong>nostra</strong></span> <span class='ocrx_word' id='word_1_44' title='bbox 1096 853 1099 871; x_wconf 89' lang='lat'>&#39;</span> <span class='ocrx_word' id='word_1_45' title='bbox 1166 899 1177 927; x_wconf 64' lang='lat' dir='ltr'><strong><em>s</em></strong></span> 
     </span>
    </p>
   </div>
   <div class='ocr_carea' id='block_1_4' title="bbox 54 955 1052 2872">
    <p class='ocr_par' dir='ltr' id='par_1_4' title="bbox 54 955 1052 2872">
     <span class='ocr_line' id='line_1_7' title="bbox 89 955 989 1040; baseline -0.006 -7"><span class='ocrx_word' id='word_1_46' title='bbox 89 969 175 1033; x_wconf 88' lang='lat' dir='ltr'><strong>studia</strong></span> <span class='ocrx_word' id='word_1_47' title='bbox 196 985 269 1031; x_wconf 88' lang='lat' dir='ltr'><strong>esse</strong></span> <span class='ocrx_word' id='word_1_48' title='bbox 289 967 372 1030; x_wconf 86' lang='lat' dir='ltr'>nihil.</span> <span class='ocrx_word' id='word_1_49' title='bbox 414 968 557 1031; x_wconf 88' lang='lat' dir='ltr'><strong>Nostrum</strong></span> <span class='ocrx_word' id='word_1_50' title='bbox 581 955 749 1040; x_wconf 85' lang='lat' dir='ltr'><strong>consilium,</strong></span> <span class='ocrx_word' id='word_1_51' title='bbox 771 965 886 1031; x_wconf 75' lang='lat' dir='ltr'><strong>nostes</strong></span> <span class='ocrx_word' id='word_1_52' title='bbox 896 983 989 1030; x_wconf 81' lang='lat' dir='ltr'><strong>eona-</strong></span> 
     </span>
     <span class='ocr_line' id='line_1_8' title="bbox 90 1073 991 1182; baseline -0.006 -44"><span class='ocrx_word' id='word_1_53' title='bbox 90 1087 130 1182; x_wconf 52' lang='grc' dir='ltr'><strong>ως</strong></span> <span class='ocrx_word' id='word_1_54' title='bbox 153 1074 223 1138; x_wconf 83' lang='lat' dir='ltr'>nihil</span> <span class='ocrx_word' id='word_1_55' title='bbox 252 1075 351 1138; x_wconf 87' lang='lat' dir='ltr'><strong>efficit</strong></span> <span class='ocrx_word' id='word_1_56' title='bbox 407 1075 480 1136; x_wconf 89' lang='lat' dir='ltr'><strong>ideo</strong></span> <span class='ocrx_word' id='word_1_57' title='bbox 511 1073 551 1134; x_wconf 92' lang='lat' dir='ltr'><strong>illi</strong></span> <span class='ocrx_word' id='word_1_58' title='bbox 579 1075 691 1153; x_wconf 82' lang='lat' dir='ltr'><strong>captivi</strong></span> <span class='ocrx_word' id='word_1_59' title='bbox 719 1073 794 1136; x_wconf 85' lang='lat' dir='ltr'><strong>fiunt</strong></span> <span class='ocrx_word' id='word_1_60' title='bbox 823 1089 928 1150; x_wconf 63' lang='lat' dir='ltr'><strong>reges,</strong></span> <span class='ocrx_word' id='word_1_61' title='bbox 960 1077 991 1134; x_wconf 89' lang='lat' dir='ltr'><strong>et</strong></span> 
     </span>
     <span class='ocr_line' id='line_1_9' title="bbox 87 1179 991 1259; baseline -0.002 -15"><span class='ocrx_word' id='word_1_62' title='bbox 87 1184 152 1244; x_wconf 87' lang='lat' dir='ltr'><strong>bene</strong></span> <span class='ocrx_word' id='word_1_63' title='bbox 170 1188 311 1259; x_wconf 85' lang='lat' dir='ltr'><strong>regnant,</strong></span> <span class='ocrx_word' id='word_1_64' title='bbox 345 1179 419 1259; x_wconf 85' lang='lat' dir='ltr'><strong>quia</strong></span> <span class='ocrx_word' id='word_1_65' title='bbox 439 1181 523 1244; x_wconf 86' lang='lat' dir='ltr'><strong>Deus</strong></span> <span class='ocrx_word' id='word_1_66' title='bbox 552 1181 594 1242; x_wconf 88' lang='lat' dir='ltr'><strong>ita</strong></span> <span class='ocrx_word' id='word_1_67' title='bbox 620 1183 760 1243; x_wconf 84' lang='lat' dir='ltr'><strong>i.0rtunat</strong></span> <span class='ocrx_word' id='word_1_68' title='bbox 802 1179 870 1243; x_wconf 88' lang='lat' dir='ltr'><strong>Nati</strong></span> <span class='ocrx_word' id='word_1_69' title='bbox 847 1187 991 1257; x_wconf 83' lang='lat' dir='ltr'><strong>treges</strong></span> 
     </span>
     <span class='ocr_line' id='line_1_10' title="bbox 86 1273 992 1370; baseline -0.002 -20"><span class='ocrx_word' id='word_1_70' title='bbox 86 1290 152 1350; x_wconf 89' lang='lat' dir='ltr'><strong>nale</strong></span> <span class='ocrx_word' id='word_1_71' title='bbox 171 1295 288 1366; x_wconf 87' lang='lat' dir='ltr'><strong>regunt.</strong></span> <span class='ocrx_word' id='word_1_72' title='bbox 314 1287 402 1348; x_wconf 84' lang='lat' dir='ltr'><strong>Vidi</strong></span> <span class='ocrx_word' id='word_1_73' title='bbox 427 1303 485 1364; x_wconf 88' lang='lat' dir='ltr'><strong>ego</strong></span> <span class='ocrx_word' id='word_1_74' title='bbox 507 1273 619 1349; x_wconf 88' lang='lat' dir='ltr'><strong>mullos</strong></span> <span class='ocrx_word' id='word_1_75' title='bbox 641 1303 755 1366; x_wconf 89' lang='lat' dir='ltr'><strong>pueros</strong></span> <span class='ocrx_word' id='word_1_76' title='bbox 773 1287 894 1370; x_wconf 84' lang='lat' dir='ltr'><strong>egregie</strong></span> <span class='ocrx_word' id='word_1_77' title='bbox 917 1286 992 1348; x_wconf 88' lang='lat' dir='ltr'><strong>edu·</strong></span> 
     </span>
     <span class='ocr_line' id='line_1_11' title="bbox 87 1392 988 1472; baseline -0.002 -16"><span class='ocrx_word' id='word_1_78' title='bbox 87 1402 158 1456; x_wconf 84' lang='lat' dir='ltr'><strong>catos</strong></span> <span class='ocrx_word' id='word_1_79' title='bbox 178 1399 208 1454; x_wconf 91' lang='lat' dir='ltr'><strong>et</strong></span> <span class='ocrx_word' id='word_1_80' title='bbox 232 1392 345 1472; x_wconf 85' lang='lat' dir='ltr'><strong>optime</strong></span> <span class='ocrx_word' id='word_1_81' title='bbox 367 1395 532 1467; x_wconf 89' lang='lat' dir='ltr'><strong>institutos,</strong></span> <span class='ocrx_word' id='word_1_82' title='bbox 553 1395 605 1472; x_wconf 88' lang='lat' dir='ltr'><strong>qui</strong></span> <span class='ocrx_word' id='word_1_83' title='bbox 627 1400 727 1456; x_wconf 86' lang='lat' dir='ltr'><strong>tamen</strong></span> <span class='ocrx_word' id='word_1_84' title='bbox 749 1400 850 1455; x_wconf 84' lang='lat' dir='ltr'><strong>emoto</strong></span> <span class='ocrx_word' id='word_1_85' title='bbox 872 1393 988 1471; x_wconf 87' lang='lat' dir='ltr'><strong>paeda·</strong></span> 
     </span>
     <span class='ocr_line' id='line_1_12' title="bbox 54 1483 989 1578; baseline -0.003 -15"><span class='ocrx_word' id='word_1_86' title='bbox 54 1483 58 1500; x_wconf 82' lang='lat'>&#39;</span> <span class='ocrx_word' id='word_1_87' title='bbox 85 1516 153 1578; x_wconf 86' lang='lat' dir='ltr'><strong>gogo</strong></span> <span class='ocrx_word' id='word_1_88' title='bbox 172 1506 203 1562; x_wconf 90' lang='lat' dir='ltr'><strong>et</strong></span> <span class='ocrx_word' id='word_1_89' title='bbox 225 1505 355 1577; x_wconf 85' lang='lat' dir='ltr'><strong>accepta</strong></span> <span class='ocrx_word' id='word_1_90' title='bbox 376 1499 566 1563; x_wconf 87' lang='lat' dir='ltr'><strong>haereditate</strong></span> <span class='ocrx_word' id='word_1_91' title='bbox 592 1501 662 1561; x_wconf 81' lang='lat' dir='ltr'><strong>lacti</strong></span> <span class='ocrx_word' id='word_1_92' title='bbox 684 1507 755 1562; x_wconf 88' lang='lat' dir='ltr'><strong>sunt</strong></span> <span class='ocrx_word' id='word_1_93' title='bbox 782 1498 989 1576; x_wconf 81' lang='lat' dir='ltr'><strong>perditissimi,</strong></span> 
     </span>
     <span class='ocr_line' id='line_1_13' title="bbox 84 1604 1037 1684; baseline -0.003 -16"><span class='ocrx_word' id='word_1_94' title='bbox 84 1613 107 1668; x_wconf 90' lang='lat' dir='ltr'><strong>et</strong></span> <span class='ocrx_word' id='word_1_95' title='bbox 135 1605 257 1683; x_wconf 86' lang='lat' dir='ltr'><strong>quidam</strong></span> <span class='ocrx_word' id='word_1_96' title='bbox 294 1606 361 1668; x_wconf 90' lang='lat' dir='ltr'><strong>sine</strong></span> <span class='ocrx_word' id='word_1_97' title='bbox 396 1607 578 1684; x_wconf 76' lang='lat' dir='ltr'><strong>educatione</strong></span> <span class='ocrx_word' id='word_1_98' title='bbox 620 1621 657 1668; x_wconf 82' lang='lat' dir='ltr'><strong>ac</strong></span> <span class='ocrx_word' id='word_1_99' title='bbox 692 1605 878 1669; x_wconf 86' lang='lat' dir='ltr'><strong>institutione</strong></span> <span class='ocrx_word' id='word_1_100' title='bbox 915 1604 987 1666; x_wconf 91' lang='lat' dir='ltr'><strong>boni</strong></span> <span class='ocrx_word' id='word_1_101' title='bbox 1036 1623 1037 1630; x_wconf 49' lang='lat'>¹</span> 
     </span>
     <span class='ocr_line' id='line_1_14' title="bbox 84 1709 1043 1790; baseline -0.002 -16"><span class='ocrx_word' id='word_1_102' title='bbox 84 1713 136 1774; x_wconf 88' lang='lat' dir='ltr'><strong>viri.</strong></span> <span class='ocrx_word' id='word_1_103' title='bbox 181 1709 260 1788; x_wconf 81' lang='lat' dir='ltr'><strong>Quid</strong></span> <span class='ocrx_word' id='word_1_104' title='bbox 293 1712 405 1790; x_wconf 82' lang='lat' dir='ltr'><strong>igilur?</strong></span> <span class='ocrx_word' id='word_1_105' title='bbox 446 1712 525 1774; x_wconf 87' lang='lat' dir='ltr'><strong>Num</strong></span> <span class='ocrx_word' id='word_1_106' title='bbox 546 1712 725 1790; x_wconf 83' lang='lat' dir='ltr'><strong>negligendi</strong></span> <span class='ocrx_word' id='word_1_107' title='bbox 755 1711 861 1789; x_wconf 82' lang='lat' dir='ltr'><strong>puent</strong></span> <span class='ocrx_word' id='word_1_108' title='bbox 909 1710 987 1774; x_wconf 86' lang='lat' dir='ltr'><strong>Num</strong></span> <span class='ocrx_word' id='word_1_109' title='bbox 1034 1739 1043 1754; x_wconf 55' lang='lat'>2</span> 
     </span>
     <span class='ocr_line' id='line_1_15' title="bbox 85 1817 910 1896; baseline -0.002 -16"><span class='ocrx_word' id='word_1_110' title='bbox 85 1835 132 1881; x_wconf 88' lang='lat' dir='ltr'><strong>non</strong></span> <span class='ocrx_word' id='word_1_111' title='bbox 152 1817 351 1880; x_wconf 83' lang='lat' dir='ltr'><strong>instituendi?</strong></span> <span class='ocrx_word' id='word_1_112' title='bbox 384 1835 456 1880; x_wconf 88' lang='lat' dir='ltr'><strong>num</strong></span> <span class='ocrx_word' id='word_1_113' title='bbox 477 1817 660 1896; x_wconf 85' lang='lat' dir='ltr'><strong>negligenda</strong></span> <span class='ocrx_word' id='word_1_114' title='bbox 682 1818 808 1881; x_wconf 84' lang='lat' dir='ltr'><strong>omnial</strong></span> <span class='ocrx_word' id='word_1_115' title='bbox 835 1817 910 1881; x_wconf 90' lang='lat' dir='ltr'><strong>Non.</strong></span> 
     </span>
     <span class='ocr_line' id='line_1_16' title="bbox 153 1920 992 2003; baseline 0 -18"><span class='ocrx_word' id='word_1_116' title='bbox 153 1923 284 1987; x_wconf 85' lang='lat' dir='ltr'><strong>Videtur</strong></span> <span class='ocrx_word' id='word_1_117' title='bbox 304 1924 356 1986; x_wconf 88' lang='lat' dir='ltr'><strong>hic</strong></span> <span class='ocrx_word' id='word_1_118' title='bbox 378 1922 486 1987; x_wconf 85' lang='lat' dir='ltr'><strong>liber</strong></span> <span class='ocrx_word' id='word_1_119' title='bbox 474 1926 596 1988; x_wconf 88' lang='lat' dir='ltr'><strong>omnino</strong></span> <span class='ocrx_word' id='word_1_120' title='bbox 618 1925 740 2003; x_wconf 87' lang='lat' dir='ltr'><strong>quidem</strong></span> <span class='ocrx_word' id='word_1_121' title='bbox 762 1926 874 2002; x_wconf 83' lang='lat' dir='ltr'><strong>docere</strong></span> <span class='ocrx_word' id='word_1_122' title='bbox 895 1920 992 2001; x_wconf 85' lang='lat' dir='ltr'><strong>negli-</strong></span> 
     </span>
     <span class='ocr_line' id='line_1_17' title="bbox 84 2030 1052 2122; baseline 0 -30"><span class='ocrx_word' id='word_1_123' title='bbox 84 2031 204 2122; x_wconf 65' lang='lat' dir='ltr'><strong>geldam</strong></span> <span class='ocrx_word' id='word_1_124' title='bbox 238 2047 338 2093; x_wconf 82' lang='lat' dir='ltr'><strong>renum</strong></span> <span class='ocrx_word' id='word_1_125' title='bbox 377 2039 407 2094; x_wconf 88' lang='lat' dir='ltr'><strong>et</strong></span> <span class='ocrx_word' id='word_1_126' title='bbox 439 2031 658 2106; x_wconf 79' lang='lat' dir='ltr'><strong>cessationem,</strong></span> <span class='ocrx_word' id='word_1_127' title='bbox 697 2031 753 2093; x_wconf 87' lang='lat' dir='ltr'><strong>sed</strong></span> <span class='ocrx_word' id='word_1_128' title='bbox 786 2030 859 2092; x_wconf 90' lang='lat' dir='ltr'><strong>nihil</strong></span> <span class='ocrx_word' id='word_1_129' title='bbox 888 2031 988 2093; x_wconf 88' lang='lat' dir='ltr'><strong>minus</strong></span> <span class='ocrx_word' id='word_1_130' title='bbox 1049 2046 1052 2051; x_wconf 91' lang='lat'>·</span> 
     </span>
     <span class='ocr_line' id='line_1_18' title="bbox 80 2119 988 2215; baseline 0.002 -17"><span class='ocrx_word' id='word_1_131' title='bbox 80 2138 145 2198; x_wconf 85' lang='lat' dir='ltr'><strong>lacit</strong></span> <span class='ocrx_word' id='word_1_132' title='bbox 186 2137 285 2199; x_wconf 83' lang='lat' dir='ltr'><strong>Docet</strong></span> <span class='ocrx_word' id='word_1_133' title='bbox 299 2151 380 2200; x_wconf 85' lang='lat' dir='ltr'><strong>vero</strong></span> <span class='ocrx_word' id='word_1_134' title='bbox 396 2137 550 2215; x_wconf 75' lang='lat' dir='ltr'><strong>negligere</strong></span> <span class='ocrx_word' id='word_1_135' title='bbox 571 2119 681 2200; x_wconf 87' lang='lat' dir='ltr'><strong>nostra&#39;</strong></span> <span class='ocrx_word' id='word_1_136' title='bbox 692 2138 820 2200; x_wconf 86' lang='lat' dir='ltr'><strong>consilia</strong></span> <span class='ocrx_word' id='word_1_137' title='bbox 840 2145 871 2200; x_wconf 89' lang='lat' dir='ltr'><strong>et</strong></span> <span class='ocrx_word' id='word_1_138' title='bbox 888 2153 988 2211; x_wconf 84' lang='lat' dir='ltr'><strong>curas,</strong></span> 
     </span>
     <span class='ocr_line' id='line_1_19' title="bbox 81 2243 986 2322; baseline 0.001 -17"><span class='ocrx_word' id='word_1_139' title='bbox 81 2244 178 2322; x_wconf 88' lang='lat' dir='ltr'><strong>quibus</strong></span> <span class='ocrx_word' id='word_1_140' title='bbox 202 2259 257 2305; x_wconf 87' lang='lat' dir='ltr'><strong>cor</strong></span> <span class='ocrx_word' id='word_1_141' title='bbox 270 2251 408 2306; x_wconf 86' lang='lat' dir='ltr'><strong>nostrum</strong></span> <span class='ocrx_word' id='word_1_142' title='bbox 433 2243 583 2322; x_wconf 82' lang='lat' dir='ltr'><strong>affligitur.</strong></span> <span class='ocrx_word' id='word_1_143' title='bbox 626 2245 678 2306; x_wconf 87' lang='lat' dir='ltr'><strong>Sic</strong></span> <span class='ocrx_word' id='word_1_144' title='bbox 696 2245 896 2322; x_wconf 88' lang='lat' dir='ltr'><strong>evangelium,</strong></span> <span class='ocrx_word' id='word_1_145' title='bbox 917 2252 986 2306; x_wconf 78' lang='lat' dir='ltr'><strong>euin</strong></span> 
     </span>
     <span class='ocr_line' id='line_1_20' title="bbox 77 2347 986 2428; baseline 0 -16"><span class='ocrx_word' id='word_1_146' title='bbox 77 2350 211 2426; x_wconf 76' lang='lat' dir='ltr'><strong>iustitiam</strong></span> <span class='ocrx_word' id='word_1_147' title='bbox 240 2365 369 2428; x_wconf 82' lang='lat' dir='ltr'><strong>operum</strong></span> <span class='ocrx_word' id='word_1_148' title='bbox 397 2347 508 2426; x_wconf 86' lang='lat' dir='ltr'><strong>rejicit,</strong></span> <span class='ocrx_word' id='word_1_149' title='bbox 539 2363 600 2414; x_wconf 90' lang='lat' dir='ltr'><strong>non</strong></span> <span class='ocrx_word' id='word_1_150' title='bbox 627 2349 734 2413; x_wconf 84' lang='lat' dir='ltr'><strong>liberat</strong></span> <span class='ocrx_word' id='word_1_151' title='bbox 761 2367 899 2425; x_wconf 81' lang='lat' dir='ltr'><strong>menum,</strong></span> <span class='ocrx_word' id='word_1_152' title='bbox 929 2351 986 2413; x_wconf 86' lang='lat' dir='ltr'><strong>sed</strong></span> 
     </span>
     <span class='ocr_line' id='line_1_21' title="bbox 80 2453 983 2536; baseline 0.002 -18"><span class='ocrx_word' id='word_1_153' title='bbox 80 2453 347 2532; x_wconf 69' lang='lat' dir='ltr'><strong>conscientiam).</strong></span> <span class='ocrx_word' id='word_1_154' title='bbox 390 2457 466 2534; x_wconf 76' lang='lat' dir='ltr'><strong>Quia</strong></span> <span class='ocrx_word' id='word_1_155' title='bbox 487 2475 567 2536; x_wconf 88' lang='lat' dir='ltr'><strong>opus</strong></span> <span class='ocrx_word' id='word_1_156' title='bbox 589 2457 744 2535; x_wconf 85' lang='lat' dir='ltr'><strong>praecepit</strong></span> <span class='ocrx_word' id='word_1_157' title='bbox 764 2457 856 2531; x_wconf 82' lang='lat' dir='ltr'><strong>Deus,</strong></span> <span class='ocrx_word' id='word_1_158' title='bbox 880 2469 983 2520; x_wconf 82' lang='lat' dir='ltr'><strong>curant</strong></span> 
     </span>
     <span class='ocr_line' id='line_1_22' title="bbox 80 2562 982 2644; baseline 0.004 -22"><span class='ocrx_word' id='word_1_159' title='bbox 80 2563 169 2644; x_wconf 83' lang='lat' dir='ltr'><strong>uetuit.</strong></span> <span class='ocrx_word' id='word_1_160' title='bbox 212 2562 390 2624; x_wconf 83' lang='lat' dir='ltr'><strong>Instituendi</strong></span> <span class='ocrx_word' id='word_1_161' title='bbox 410 2570 481 2627; x_wconf 85' lang='lat' dir='ltr'><strong>sunt</strong></span> <span class='ocrx_word' id='word_1_162' title='bbox 502 2581 575 2641; x_wconf 86' lang='lat' dir='ltr'><strong>ergo</strong></span> <span class='ocrx_word' id='word_1_163' title='bbox 588 2564 683 2642; x_wconf 83' lang='lat' dir='ltr'><strong>pueri,</strong></span> <span class='ocrx_word' id='word_1_164' title='bbox 705 2564 761 2625; x_wconf 88' lang='lat' dir='ltr'><strong>sed</strong></span> <span class='ocrx_word' id='word_1_165' title='bbox 782 2563 821 2626; x_wconf 85' lang='lat' dir='ltr'><strong>dc</strong></span> <span class='ocrx_word' id='word_1_166' title='bbox 834 2570 982 2642; x_wconf 88' lang='lat' dir='ltr'><strong>proventu</strong></span> 
     </span>
     <span class='ocr_line' id='line_1_23' title="bbox 77 2645 981 2748; baseline 0.002 -18"><span class='ocrx_word' id='word_1_167' title='bbox 77 2645 132 2731; x_wconf 73' lang='lat' dir='ltr'><strong>Ded</strong></span> <span class='ocrx_word' id='word_1_168' title='bbox 151 2685 225 2732; x_wconf 86' lang='lat' dir='ltr'><strong>cura</strong></span> <span class='ocrx_word' id='word_1_169' title='bbox 248 2669 471 2743; x_wconf 87' lang='lat' dir='ltr'><strong>committenda,</strong></span> <span class='ocrx_word' id='word_1_170' title='bbox 491 2671 571 2732; x_wconf 86' lang='lat' dir='ltr'><strong>sicut</strong></span> <span class='ocrx_word' id='word_1_171' title='bbox 592 2667 726 2748; x_wconf 84' lang='lat' dir='ltr'><strong>agricola</strong></span> <span class='ocrx_word' id='word_1_172' title='bbox 747 2671 839 2733; x_wconf 87' lang='lat' dir='ltr'><strong>debet</strong></span> <span class='ocrx_word' id='word_1_173' title='bbox 860 2686 981 2734; x_wconf 84' lang='lat' dir='ltr'><strong>senten·</strong></span> 
     </span>
     <span class='ocr_line' id='line_1_24' title="bbox 78 2775 980 2872; baseline 0.006 -37"><span class='ocrx_word' id='word_1_174' title='bbox 78 2782 127 2835; x_wconf 87' lang='lat' dir='ltr'><strong>tem</strong></span> <span class='ocrx_word' id='word_1_175' title='bbox 148 2776 257 2849; x_wconf 85' lang='lat' dir='ltr'><strong>lacere,</strong></span> <span class='ocrx_word' id='word_1_176' title='bbox 279 2775 465 2837; x_wconf 81' lang='lat' dir='ltr'><strong>committere</strong></span> <span class='ocrx_word' id='word_1_177' title='bbox 482 2783 582 2838; x_wconf 84' lang='lat' dir='ltr'><strong>autem</strong></span> <span class='ocrx_word' id='word_1_178' title='bbox 599 2775 663 2840; x_wconf 85' lang='lat' dir='ltr'><strong>Dec</strong></span> <span class='ocrx_word' id='word_1_179' title='bbox 685 2793 788 2840; x_wconf 85' lang='lat' dir='ltr'><strong>curam</strong></span> <span class='ocrx_word' id='word_1_180' title='bbox 803 2786 980 2872; x_wconf 81' lang='lat' dir='ltr'><strong>proventus.</strong></span> 
     </span>
    </p>
   </div>
   <div class='ocr_carea' id='block_1_5' title="bbox 66 2864 1123 3066">
    <p class='ocr_par' dir='ltr' id='par_1_5' title="bbox 66 2864 1123 3066">
     <span class='ocr_line' id='line_1_25' title="bbox 78 2864 1123 2976; baseline 0.006 -35"><span class='ocrx_word' id='word_1_181' title='bbox 78 2881 152 2942; x_wconf 91' lang='lat' dir='ltr'><strong>Sicut</strong></span> <span class='ocrx_word' id='word_1_182' title='bbox 170 2876 227 2958; x_wconf 74' lang='grc' dir='ltr'><strong>Η)</strong></span> <span class='ocrx_word' id='word_1_183' title='bbox 267 2881 365 2976; x_wconf 19' lang='lat' dir='ltr'><strong>Deus!</strong></span> <span class='ocrx_word' id='word_1_184' title='bbox 388 2898 443 2959; x_wconf 88' lang='lat' dir='ltr'><strong>per</strong></span> <span class='ocrx_word' id='word_1_185' title='bbox 479 2883 576 2959; x_wconf 85' lang='lat' dir='ltr'><strong>legent</strong></span> <span class='ocrx_word' id='word_1_186' title='bbox 610 2882 681 2945; x_wconf 87' lang='lat' dir='ltr'><strong>huic</strong></span> <span class='ocrx_word' id='word_1_187' title='bbox 721 2882 837 2963; x_wconf 82' lang='lat' dir='ltr'><strong>populo</strong></span> <span class='ocrx_word' id='word_1_188' title='bbox 871 2884 981 2957; x_wconf 81' lang='lat' dir='ltr'><strong>datam,</strong></span> <span class='ocrx_word' id='word_1_189' title='bbox 1018 2963 1021 2974; x_wconf 24' lang='lat' dir='ltr'>y</span> <span class='ocrx_word' id='word_1_190' title='bbox 1091 2864 1123 2912; x_wconf 72' lang='grc'>”</span> 
     </span>
     <span class='ocr_line' id='line_1_26' title="bbox 66 2979 1109 3066; baseline 0.007 -20"><span class='ocrx_word' id='word_1_191' title='bbox 66 2985 140 3046; x_wconf 80' lang='lat' dir='ltr'><strong>&#39;nihil</strong></span> <span class='ocrx_word' id='word_1_192' title='bbox 159 2981 301 3063; x_wconf 81' lang='lat' dir='ltr'><strong>neglexit,</strong></span> <span class='ocrx_word' id='word_1_193' title='bbox 324 2987 407 3066; x_wconf 88' lang='lat' dir='ltr'><strong>quod</strong></span> <span class='ocrx_word' id='word_1_194' title='bbox 429 2984 468 3049; x_wconf 85' lang='lat' dir='ltr'><strong>ad</strong></span> <span class='ocrx_word' id='word_1_195' title='bbox 490 2989 558 3051; x_wconf 90' lang='lat' dir='ltr'><strong>illos</strong></span> <span class='ocrx_word' id='word_1_196' title='bbox 578 2989 729 3066; x_wconf 86' lang='lat' dir='ltr'><strong>regendos</strong></span> <span class='ocrx_word' id='word_1_197' title='bbox 753 2990 912 3062; x_wconf 77' lang='lat' dir='ltr'><strong>attinebat,</strong></span> <span class='ocrx_word' id='word_1_198' title='bbox 934 2998 980 3052; x_wconf 89' lang='lat' dir='ltr'><strong>ta·</strong></span> <span class='ocrx_word' id='word_1_199' title='bbox 1042 3047 1045 3052; x_wconf 93' lang='lat'>.</span> <span class='ocrx_word' id='word_1_200' title='bbox 1099 2979 1109 3008; x_wconf 68' lang='lat'>⁸</span> 
     </span>
    </p>
   </div>
   <div class='ocr_carea' id='block_1_6' title="bbox 75 3091 1021 3496">
    <p class='ocr_par' dir='ltr' id='par_1_6' title="bbox 75 3091 1021 3496">
     <span class='ocr_line' id='line_1_27' title="bbox 76 3091 977 3176; baseline 0.009 -23"><span class='ocrx_word' id='word_1_201' title='bbox 76 3093 155 3154; x_wconf 81' lang='lat' dir='ltr'><strong>melei</strong></span> <span class='ocrx_word' id='word_1_202' title='bbox 175 3109 236 3154; x_wconf 93' lang='lat' dir='ltr'><strong>non</strong></span> <span class='ocrx_word' id='word_1_203' title='bbox 258 3091 398 3156; x_wconf 84' lang='lat' dir='ltr'><strong>effectum</strong></span> <span class='ocrx_word' id='word_1_204' title='bbox 420 3093 467 3167; x_wconf 91' lang='lat' dir='ltr'><strong>sit,</strong></span> <span class='ocrx_word' id='word_1_205' title='bbox 489 3095 573 3173; x_wconf 89' lang='lat' dir='ltr'><strong>quod</strong></span> <span class='ocrx_word' id='word_1_206' title='bbox 595 3098 742 3176; x_wconf 88' lang='lat' dir='ltr'><strong>oportuit,</strong></span> <span class='ocrx_word' id='word_1_207' title='bbox 772 3098 851 3160; x_wconf 83' lang='lat' dir='ltr'><strong>etin</strong></span> <span class='ocrx_word' id='word_1_208' title='bbox 874 3093 977 3161; x_wconf 77' lang='lat' dir='ltr'><strong>diuitis</strong></span> 
     </span>
     <span class='ocr_line' id='line_1_28' title="bbox 76 3199 980 3288; baseline 0.011 -30"><span class='ocrx_word' id='word_1_209' title='bbox 76 3199 146 3259; x_wconf 83' lang='lat' dir='ltr'><strong>maie</strong></span> <span class='ocrx_word' id='word_1_210' title='bbox 166 3199 303 3262; x_wconf 85' lang='lat' dir='ltr'><strong>cesserit</strong></span> <span class='ocrx_word' id='word_1_211' title='bbox 339 3199 390 3260; x_wconf 90' lang='lat' dir='ltr'><strong>Sie</strong></span> <span class='ocrx_word' id='word_1_212' title='bbox 404 3200 562 3278; x_wconf 82' lang='lat' dir='ltr'><strong>diligenter</strong></span> <span class='ocrx_word' id='word_1_213' title='bbox 583 3219 689 3265; x_wconf 83' lang='lat' dir='ltr'><strong>curare</strong></span> <span class='ocrx_word' id='word_1_214' title='bbox 706 3204 799 3266; x_wconf 88' lang='lat' dir='ltr'><strong>debet</strong></span> <span class='ocrx_word' id='word_1_215' title='bbox 819 3205 980 3288; x_wconf 79' lang='lat' dir='ltr'><strong>magistra-</strong></span> 
     </span>
     <span class='ocr_line' id='line_1_29' title="bbox 77 3305 1021 3394; baseline 0.013 -30"><span class='ocrx_word' id='word_1_216' title='bbox 77 3311 133 3378; x_wconf 87' lang='lat' dir='ltr'><strong>tus,</strong></span> <span class='ocrx_word' id='word_1_217' title='bbox 167 3312 200 3366; x_wconf 88' lang='lat' dir='ltr'><strong>ut</strong></span> <span class='ocrx_word' id='word_1_218' title='bbox 230 3305 404 3384; x_wconf 74' lang='lat' dir='ltr'><strong>respublica</strong></span> <span class='ocrx_word' id='word_1_219' title='bbox 434 3307 473 3368; x_wconf 88' lang='lat' dir='ltr'><strong>sit</strong></span> <span class='ocrx_word' id='word_1_220' title='bbox 500 3308 579 3370; x_wconf 88' lang='lat' dir='ltr'><strong>bene</strong></span> <span class='ocrx_word' id='word_1_221' title='bbox 606 3309 830 3374; x_wconf 74' lang='lat' dir='ltr'><strong>constituta&#39;et</strong></span> <span class='ocrx_word' id='word_1_222' title='bbox 857 3313 985 3394; x_wconf 68' lang='lat' dir='ltr'><strong>munita,</strong></span> <span class='ocrx_word' id='word_1_223' title='bbox 1020 3363 1021 3366; x_wconf 63' lang='lat'><strong>,</strong></span> 
     </span>
     <span class='ocr_line' id='line_1_30' title="bbox 75 3403 1002 3496; baseline 0.012 -24"><span class='ocrx_word' id='word_1_224' title='bbox 75 3418 247 3474; x_wconf 85' lang='lat' dir='ltr'><strong>nontamen</strong></span> <span class='ocrx_word' id='word_1_225' title='bbox 275 3411 369 3475; x_wconf 88' lang='lat' dir='ltr'><strong>debet</strong></span> <span class='ocrx_word' id='word_1_226' title='bbox 391 3412 547 3478; x_wconf 83' lang='lat' dir='ltr'><strong>confidere</strong></span> <span class='ocrx_word' id='word_1_227' title='bbox 568 3403 645 3478; x_wconf 82' lang='lat' dir='ltr'><strong>sune</strong></span> <span class='ocrx_word' id='word_1_228' title='bbox 666 3417 833 3481; x_wconf 82' lang='lat' dir='ltr'><strong>industriae</strong></span> <span class='ocrx_word' id='word_1_229' title='bbox 853 3424 884 3481; x_wconf 92' lang='lat' dir='ltr'><strong>et</strong></span> <span class='ocrx_word' id='word_1_230' title='bbox 905 3436 1002 3496; x_wconf 19' lang='lat' dir='ltr'><strong>con-s</strong></span> 
     </span>
    </p>
   </div>
   <div class='ocr_carea' id='block_1_7' title="bbox 74 3632 972 3825">
    <p class='ocr_par' dir='ltr' id='par_1_7' title="bbox 74 3632 972 3825">
     <span class='ocr_line' id='line_1_31' title="bbox 138 3632 972 3756; baseline 0.007 -39"><span class='ocrx_word' id='word_1_231' title='bbox 138 3661 169 3732; x_wconf 65' lang='grc' dir='ltr'><strong>ς)</strong></span> <span class='ocrx_word' id='word_1_232' title='bbox 195 3661 327 3718; x_wconf 75' lang='lat' dir='ltr'><strong>iustitiam</strong></span> <span class='ocrx_word' id='word_1_233' title='bbox 352 3679 462 3734; x_wconf 80' lang='lat' dir='ltr'><strong>opernm</strong></span> <span class='ocrx_word' id='word_1_234' title='bbox 491 3665 578 3756; x_wconf 79' lang='lat' dir='ltr'><strong>rejicit</strong></span> <span class='ocrx_word' id='word_1_235' title='bbox 602 3667 770 3736; x_wconf 77' lang='lat' dir='ltr'><strong>evangeliun</strong></span> <span class='ocrx_word' id='word_1_236' title='bbox 798 3632 847 3722; x_wconf 81' lang='lat' dir='ltr'><strong>etc.</strong></span> <span class='ocrx_word' id='word_1_237' title='bbox 893 3661 972 3728; x_wconf 67' lang='lat' dir='ltr'><strong>idad·</strong></span> 
     </span>
     <span class='ocr_line' id='line_1_32' title="bbox 74 3755 343 3825; baseline 0.012 -17"><span class='ocrx_word' id='word_1_238' title='bbox 74 3755 206 3825; x_wconf 81' lang='lat' dir='ltr'><strong>Evangelii</strong></span> <span class='ocrx_word' id='word_1_239' title='bbox 223 3757 343 3812; x_wconf 77' lang='lat' dir='ltr'><strong>libertas</strong></span> 
     </span>
    </p>
   </div>
   <div class='ocr_carea' id='block_1_8' title="bbox 136 3842 286 3928">
    <p class='ocr_par' dir='ltr' id='par_1_8' title="bbox 136 3842 286 3928">
     <span class='ocr_line' id='line_1_33' title="bbox 136 3842 286 3928; baseline -0.009 -21"><span class='ocrx_word' id='word_1_240' title='bbox 136 3850 184 3928; x_wconf 77' lang='lat' dir='ltr'><strong>tl)</strong></span> <span class='ocrx_word' id='word_1_241' title='bbox 203 3842 286 3908; x_wconf 78' lang='lat' dir='ltr'><strong>Sic</strong></span> 
     </span>
    </p>
   </div>
   <div class='ocr_carea' id='block_1_9' title="bbox 0 0 1246 4320">
    <p class='ocr_par' dir='ltr' id='par_1_9' title="bbox 0 0 1246 4320">
     <span class='ocr_line' id='line_1_34' title="bbox 0 0 1246 4320; baseline 0 3"><span class='ocrx_word' id='word_1_242' title='bbox 0 0 1246 4320; x_wconf 95' lang='lat' dir='ltr'><strong> </strong></span> 
     </span>
    </p>
   </div>
  </div>
 </body>
</html>
