<?xml version="1.0" encoding="UTF-8"?>
<!DOCTYPE html PUBLIC "-//W3C//DTD XHTML 1.0 Transitional//EN"
    "http://www.w3.org/TR/xhtml1/DTD/xhtml1-transitional.dtd">
<html xmlns="http://www.w3.org/1999/xhtml" xml:lang="en" lang="en">
 <head>
  <title>
</title>
<meta http-equiv="Content-Type" content="text/html;charset=utf-8" />
  <meta name='ocr-system' content='tesseract 3.04.00' />
  <meta name='ocr-capabilities' content='ocr_page ocr_carea ocr_par ocr_line ocrx_word'/>
</head>
<body>
  <div class='ocr_page' id='page_1' title='image "./exegeticaoperal07luthgoog_0203.png"; bbox 0 0 2406 4322; ppageno 0'>
   <div class='ocr_carea' id='block_1_1' title="bbox 223 203 861 347">
    <p class='ocr_par' dir='ltr' id='par_1_1' title="bbox 223 203 869 347">
     <span class='ocr_line' id='line_1_1' title="bbox 223 203 861 347; baseline 0 -25"><span class='ocrx_word' id='word_1_1' title='bbox 223 243 290 322; x_wconf 67' lang='lat' dir='ltr'><strong><em>m</em></strong></span> <span class='ocrx_word' id='word_1_2' title='bbox 387 225 448 300; x_wconf 48' lang='lat'><strong>·&#39;</strong></span> <span class='ocrx_word' id='word_1_3' title='bbox 526 203 861 347; x_wconf 47' lang='lat' dir='ltr'><strong>·0tputoontrnr⁶⁶</strong></span> 
     </span>
    </p>
   </div>
   <div class='ocr_carea' id='block_1_2' title="bbox 158 438 1125 839">
    <p class='ocr_par' dir='ltr' id='par_1_2' title="bbox 222 438 1124 532">
     <span class='ocr_line' id='line_1_2' title="bbox 222 438 1124 532; baseline 0.006 -30"><span class='ocrx_word' id='word_1_4' title='bbox 222 445 254 502; x_wconf 89' lang='lat' dir='ltr'><strong>et</strong></span> <span class='ocrx_word' id='word_1_5' title='bbox 287 438 371 532; x_wconf 72' lang='lat' dir='ltr'><strong>quoi</strong></span> <span class='ocrx_word' id='word_1_6' title='bbox 405 446 531 518; x_wconf 79' lang='lat' dir='ltr'><strong>sperent</strong></span> <span class='ocrx_word' id='word_1_7' title='bbox 561 439 591 501; x_wconf 89' lang='lat' dir='ltr'><strong>in</strong></span> <span class='ocrx_word' id='word_1_8' title='bbox 625 441 771 516; x_wconf 77' lang='lat' dir='ltr'><strong>intutum,</strong></span> <span class='ocrx_word' id='word_1_9' title='bbox 802 439 900 507; x_wconf 80' lang='lat' dir='ltr'><strong>morte</strong></span> <span class='ocrx_word' id='word_1_10' title='bbox 924 443 1124 521; x_wconf 75' lang='lat' dir='ltr'><strong>praevenitur.</strong></span> 
     </span>
    </p>

    <p class='ocr_par' dir='ltr' id='par_1_3' title="bbox 219 543 1125 624">
     <span class='ocr_line' id='line_1_3' title="bbox 219 543 1125 624; baseline 0.008 -17"><span class='ocrx_word' id='word_1_11' title='bbox 219 543 368 624; x_wconf 83' lang='lat' dir='ltr'><strong>ideoque</strong></span> <span class='ocrx_word' id='word_1_12' title='bbox 382 547 521 610; x_wconf 82' lang='lat' dir='ltr'><strong>ultimum</strong></span> <span class='ocrx_word' id='word_1_13' title='bbox 552 561 657 624; x_wconf 85' lang='lat' dir='ltr'><strong>eornm</strong></span> <span class='ocrx_word' id='word_1_14' title='bbox 687 547 763 610; x_wconf 86' lang='lat' dir='ltr'><strong>nitrit</strong></span> <span class='ocrx_word' id='word_1_15' title='bbox 781 547 840 611; x_wconf 88' lang='lat' dir='ltr'><strong>nisi</strong></span> <span class='ocrx_word' id='word_1_16' title='bbox 862 563 945 612; x_wconf 88' lang='lat' dir='ltr'><strong>mors</strong></span> <span class='ocrx_word' id='word_1_17' title='bbox 964 555 1027 622; x_wconf 88' lang='lat' dir='ltr'><strong>est,</strong></span> <span class='ocrx_word' id='word_1_18' title='bbox 1059 549 1125 614; x_wconf 81' lang='lat' dir='ltr'>nihil</span> 
     </span>
    </p>

    <p class='ocr_par' dir='ltr' id='par_1_4' title="bbox 158 651 1124 839">
     <span class='ocr_line' id='line_1_4' title="bbox 219 651 1124 732; baseline 0.007 -18"><span class='ocrx_word' id='word_1_19' title='bbox 219 651 292 715; x_wconf 83' lang='lat' dir='ltr'><strong>ttoni</strong></span> <span class='ocrx_word' id='word_1_20' title='bbox 304 652 477 732; x_wconf 82' lang='lat' dir='ltr'><strong>rettnqnnnt</strong></span> <span class='ocrx_word' id='word_1_21' title='bbox 496 653 577 726; x_wconf 74' lang='lat' dir='ltr'><strong>atiis&#39;</strong></span> <span class='ocrx_word' id='word_1_22' title='bbox 594 662 626 718; x_wconf 92' lang='grc' dir='ltr'><strong>ιιι</strong></span> <span class='ocrx_word' id='word_1_23' title='bbox 638 670 713 719; x_wconf 89' lang='lat' dir='ltr'><strong>vero</strong></span> <span class='ocrx_word' id='word_1_24' title='bbox 735 655 782 718; x_wconf 87' lang='lat' dir='ltr'><strong>sio</strong></span> <span class='ocrx_word' id='word_1_25' title='bbox 798 659 883 718; x_wconf 88' lang='lat' dir='ltr'><strong>utere</strong></span> <span class='ocrx_word' id='word_1_26' title='bbox 896 655 974 730; x_wconf 75' lang='lat' dir='ltr'><strong>nite,</strong></span> <span class='ocrx_word' id='word_1_27' title='bbox 997 662 1031 718; x_wconf 91' lang='grc' dir='ltr'><strong>ιιι</strong></span> <span class='ocrx_word' id='word_1_28' title='bbox 1051 663 1081 719; x_wconf 87' lang='lat' dir='ltr'><strong>et</strong></span> <span class='ocrx_word' id='word_1_29' title='bbox 1096 663 1124 720; x_wconf 88' lang='lat' dir='ltr'><strong>tn</strong></span> 
     </span>
     <span class='ocr_line' id='line_1_5' title="bbox 158 759 612 839; baseline 0 -17"><span class='ocrx_word' id='word_1_30' title='bbox 158 788 161 794; x_wconf 94' lang='lat'><em>·</em></span> <span class='ocrx_word' id='word_1_31' title='bbox 218 759 340 822; x_wconf 74' lang='lat' dir='ltr'><strong>laeteris</strong></span> <span class='ocrx_word' id='word_1_32' title='bbox 360 765 391 822; x_wconf 90' lang='lat' dir='ltr'><strong>et</strong></span> <span class='ocrx_word' id='word_1_33' title='bbox 412 761 480 822; x_wconf 91' lang='lat' dir='ltr'><strong>aliis</strong></span> <span class='ocrx_word' id='word_1_34' title='bbox 501 761 612 839; x_wconf 85' lang='lat' dir='ltr'><strong>prosis.</strong></span> 
     </span>
    </p>
   </div>
   <div class='ocr_carea' id='block_1_3' title="bbox 155 921 1124 1220">
    <p class='ocr_par' dir='ltr' id='par_1_5' title="bbox 155 921 1124 1220">
     <span class='ocr_line' id='line_1_6' title="bbox 219 921 1122 1012; baseline 0.002 -26"><span class='ocrx_word' id='word_1_35' title='bbox 219 923 404 1000; x_wconf 79' lang='lat' dir='ltr'><strong>Quoniam</strong></span> <span class='ocrx_word' id='word_1_36' title='bbox 426 926 463 990; x_wconf 88' lang='lat' dir='ltr'><strong>id</strong></span> <span class='ocrx_word' id='word_1_37' title='bbox 485 927 589 1012; x_wconf 74' lang='lat' dir='ltr'><strong>qnod</strong></span> <span class='ocrx_word' id='word_1_38' title='bbox 605 927 769 1005; x_wconf 81' lang='lat' dir='ltr'><strong>eligitur</strong></span> <span class='ocrx_word' id='word_1_39' title='bbox 790 926 890 1005; x_wconf 88' lang='lat' dir='ltr'><strong>apud</strong></span> <span class='ocrx_word' id='word_1_40' title='bbox 909 921 1122 1004; x_wconf 80' lang='lat' dir='ltr'><strong>omnes¹⁸¹)</strong></span> 
     </span>
     <span class='ocr_line' id='line_1_7' title="bbox 155 1029 1124 1114; baseline -0.003 -16"><span class='ocrx_word' id='word_1_41' title='bbox 155 1029 171 1098; x_wconf 73' lang='lat' dir='ltr'><strong>i</strong></span> <span class='ocrx_word' id='word_1_42' title='bbox 219 1030 416 1104; x_wconf 83' lang='lat' dir='ltr'><strong>viventes,</strong></span> <span class='ocrx_word' id='word_1_43' title='bbox 449 1040 510 1096; x_wconf 87' lang='lat' dir='ltr'><strong>est</strong></span> <span class='ocrx_word' id='word_1_44' title='bbox 532 1050 624 1112; x_wconf 89' lang='lat' dir='ltr'><strong>spes</strong></span> <span class='ocrx_word' id='word_1_45' title='bbox 658 1033 891 1114; x_wconf 75' lang='lat' dir='ltr'><strong>(quonlam</strong></span> <span class='ocrx_word' id='word_1_46' title='bbox 884 1033 1124 1096; x_wconf 87' lang='lat' dir='ltr'><strong>oanisvrvus</strong></span> 
     </span>
     <span class='ocr_line' id='line_1_8' title="bbox 395 1138 952 1220; baseline 0.007 -21"><span class='ocrx_word' id='word_1_47' title='bbox 395 1138 615 1202; x_wconf 89' lang='lat' dir='ltr'><strong>meliorest</strong></span> <span class='ocrx_word' id='word_1_48' title='bbox 636 1140 749 1202; x_wconf 86' lang='lat' dir='ltr'><strong>teono</strong></span> <span class='ocrx_word' id='word_1_49' title='bbox 770 1141 952 1220; x_wconf 91' lang='lat' dir='ltr'><strong>mortuo)</strong></span> 
     </span>
    </p>
   </div>
   <div class='ocr_carea' id='block_1_4' title="bbox 111 1259 1188 3505">
    <p class='ocr_par' dir='ltr' id='par_1_6' title="bbox 111 1259 1188 3549">
     <span class='ocr_line' id='line_1_9' title="bbox 298 1259 1124 1374; baseline 0.002 -22"><span class='ocrx_word' id='word_1_50' title='bbox 298 1291 346 1353; x_wconf 79' lang='lat' dir='ltr'><strong>tn</strong></span> <span class='ocrx_word' id='word_1_51' title='bbox 368 1289 429 1356; x_wconf 89' lang='lat' dir='ltr'><strong>hoo</strong></span> <span class='ocrx_word' id='word_1_52' title='bbox 449 1294 518 1356; x_wconf 82' lang='lat' dir='ltr'><strong>loeo</strong></span> <span class='ocrx_word' id='word_1_53' title='bbox 539 1301 628 1374; x_wconf 85' lang='lat' dir='ltr'><strong>parat</strong></span> <span class='ocrx_word' id='word_1_54' title='bbox 649 1293 793 1358; x_wconf 86' lang='lat' dir='ltr'><strong>Salomon</strong></span> <span class='ocrx_word' id='word_1_55' title='bbox 815 1259 1070 1364; x_wconf 71' lang='lat' dir='ltr'><strong>exhortationem,</strong></span> <span class='ocrx_word' id='word_1_56' title='bbox 1088 1295 1124 1355; x_wconf 91' lang='lat' dir='ltr'><strong>ut</strong></span> 
     </span>
     <span class='ocr_line' id='line_1_10' title="bbox 181 1395 1124 1480; baseline 0.001 -22"><span class='ocrx_word' id='word_1_57' title='bbox 181 1395 368 1461; x_wconf 63' lang='lat' dir='ltr'><strong>”iaciamus</strong></span> <span class='ocrx_word' id='word_1_58' title='bbox 395 1397 525 1473; x_wconf 88' lang='lat' dir='ltr'><strong>bonum,</strong></span> <span class='ocrx_word' id='word_1_59' title='bbox 556 1399 655 1465; x_wconf 85' lang='lat' dir='ltr'><strong>donno</strong></span> <span class='ocrx_word' id='word_1_60' title='bbox 682 1416 859 1480; x_wconf 89' lang='lat' dir='ltr'><strong>possumus.</strong></span> <span class='ocrx_word' id='word_1_61' title='bbox 901 1397 980 1462; x_wconf 85' lang='lat' dir='ltr'><strong>ttihtt</strong></span> <span class='ocrx_word' id='word_1_62' title='bbox 1006 1414 1124 1460; x_wconf 85' lang='lat' dir='ltr'><strong>moven-</strong></span> 
     </span>
     <span class='ocr_line' id='line_1_11' title="bbox 217 1500 1123 1587; baseline -0.002 -19"><span class='ocrx_word' id='word_1_63' title='bbox 217 1521 286 1570; x_wconf 88' lang='lat' dir='ltr'><strong>mur</strong></span> <span class='ocrx_word' id='word_1_64' title='bbox 311 1502 524 1584; x_wconf 80' lang='lat' dir='ltr'><strong>ingratitudine</strong></span> <span class='ocrx_word' id='word_1_65' title='bbox 551 1507 670 1581; x_wconf 87' lang='lat' dir='ltr'><strong>mundi,</strong></span> <span class='ocrx_word' id='word_1_66' title='bbox 704 1506 760 1569; x_wconf 87' lang='lat' dir='ltr'><strong>sed</strong></span> <span class='ocrx_word' id='word_1_67' title='bbox 788 1521 972 1587; x_wconf 83' lang='lat' dir='ltr'><strong>pergamus</strong></span> <span class='ocrx_word' id='word_1_68' title='bbox 980 1505 1010 1566; x_wconf 92' lang='lat' dir='ltr'><strong>in</strong></span> <span class='ocrx_word' id='word_1_69' title='bbox 1033 1500 1123 1567; x_wconf 82' lang='lat' dir='ltr'><strong>officio</strong></span> 
     </span>
     <span class='ocr_line' id='line_1_12' title="bbox 217 1592 1123 1693; baseline -0.004 -18"><span class='ocrx_word' id='word_1_70' title='bbox 217 1617 248 1676; x_wconf 91' lang='lat' dir='ltr'><strong>et</strong></span> <span class='ocrx_word' id='word_1_71' title='bbox 267 1592 453 1676; x_wconf 79' lang='lat' dir='ltr'><strong>retineamus</strong></span> <span class='ocrx_word' id='word_1_72' title='bbox 475 1629 571 1692; x_wconf 88' lang='lat' dir='ltr'><strong>spem,</strong></span> <span class='ocrx_word' id='word_1_73' title='bbox 594 1614 667 1693; x_wconf 87' lang='lat' dir='ltr'><strong>quia</strong></span> <span class='ocrx_word' id='word_1_74' title='bbox 689 1613 771 1692; x_wconf 81' lang='lat' dir='ltr'><strong>apud</strong></span> <span class='ocrx_word' id='word_1_75' title='bbox 793 1629 900 1676; x_wconf 88' lang='lat' dir='ltr'><strong>omnes</strong></span> <span class='ocrx_word' id='word_1_76' title='bbox 915 1610 1057 1674; x_wconf 87' lang='lat' dir='ltr'><strong>homines</strong></span> <span class='ocrx_word' id='word_1_77' title='bbox 1076 1627 1123 1672; x_wconf 89' lang='lat' dir='ltr'><strong>su-</strong></span> 
     </span>
     <span class='ocr_line' id='line_1_13' title="bbox 217 1705 1122 1798; baseline -0.002 -17"><span class='ocrx_word' id='word_1_78' title='bbox 217 1726 339 1798; x_wconf 89' lang='lat' dir='ltr'><strong>perstes</strong></span> <span class='ocrx_word' id='word_1_79' title='bbox 360 1735 436 1798; x_wconf 88' lang='lat' dir='ltr'><strong>spes</strong></span> <span class='ocrx_word' id='word_1_80' title='bbox 457 1727 519 1792; x_wconf 89' lang='lat' dir='ltr'><strong>est,</strong></span> <span class='ocrx_word' id='word_1_81' title='bbox 541 1721 631 1798; x_wconf 82' lang='lat' dir='ltr'><strong>quasi</strong></span> <span class='ocrx_word' id='word_1_82' title='bbox 653 1719 748 1782; x_wconf 83' lang='lat' dir='ltr'><strong>dieat:</strong></span> <span class='ocrx_word' id='word_1_83' title='bbox 781 1711 850 1783; x_wconf 88' lang='lat' dir='ltr'><strong>Noti</strong></span> <span class='ocrx_word' id='word_1_84' title='bbox 870 1720 917 1782; x_wconf 88' lang='lat' dir='ltr'><strong>sie</strong></span> <span class='ocrx_word' id='word_1_85' title='bbox 939 1705 1122 1782; x_wconf 76' lang='lat' dir='ltr'><strong>contemnere</strong></span> 
     </span>
     <span class='ocr_line' id='line_1_14' title="bbox 160 1803 1122 1905; baseline -0.004 -15"><span class='ocrx_word' id='word_1_86' title='bbox 160 1847 168 1858; x_wconf 86' lang='lat'><strong>·</strong></span> <span class='ocrx_word' id='word_1_87' title='bbox 217 1825 325 1901; x_wconf 88' lang='lat' dir='ltr'><strong>vitnm,</strong></span> <span class='ocrx_word' id='word_1_88' title='bbox 357 1833 391 1889; x_wconf 92' lang='grc' dir='ltr'><strong>ιιι</strong></span> <span class='ocrx_word' id='word_1_89' title='bbox 413 1827 461 1890; x_wconf 90' lang='lat' dir='ltr'><strong>vet</strong></span> <span class='ocrx_word' id='word_1_90' title='bbox 481 1825 645 1905; x_wconf 84' lang='lat' dir='ltr'><strong>desperes,</strong></span> <span class='ocrx_word' id='word_1_91' title='bbox 675 1827 723 1889; x_wconf 88' lang='lat' dir='ltr'><strong>vet</strong></span> <span class='ocrx_word' id='word_1_92' title='bbox 752 1827 830 1888; x_wconf 88' lang='lat' dir='ltr'><strong>vites</strong></span> <span class='ocrx_word' id='word_1_93' title='bbox 858 1825 1012 1890; x_wconf 82' lang='lat' dir='ltr'><strong>consortia</strong></span> <span class='ocrx_word' id='word_1_94' title='bbox 1033 1803 1122 1888; x_wconf 83' lang='lat' dir='ltr'><strong>honri-</strong></span> 
     </span>
     <span class='ocr_line' id='line_1_15' title="bbox 111 1930 1121 2022; baseline -0.002 -28"><span class='ocrx_word' id='word_1_95' title='bbox 111 1988 123 2008; x_wconf 77' lang='grc'><em>,</em></span> <span class='ocrx_word' id='word_1_96' title='bbox 213 1947 295 1994; x_wconf 87' lang='grc' dir='ltr'><strong>ιιιιιιι.</strong></span> <span class='ocrx_word' id='word_1_97' title='bbox 326 1931 414 2018; x_wconf 61' lang='lat' dir='ltr'><strong>‚Quia</strong></span> <span class='ocrx_word' id='word_1_98' title='bbox 435 1947 509 2013; x_wconf 87' lang='lat' dir='ltr'><strong>spes</strong></span> <span class='ocrx_word' id='word_1_99' title='bbox 530 1939 586 2006; x_wconf 89' lang='lat' dir='ltr'><strong>est,</strong></span> <span class='ocrx_word' id='word_1_100' title='bbox 599 1932 639 1996; x_wconf 85' lang='lat' dir='ltr'><strong>id</strong></span> <span class='ocrx_word' id='word_1_101' title='bbox 659 1930 745 2012; x_wconf 88' lang='lat' dir='ltr'><strong>quod</strong></span> <span class='ocrx_word' id='word_1_102' title='bbox 766 1931 893 2009; x_wconf 81' lang='lat' dir='ltr'><strong>eligitur,</strong></span> <span class='ocrx_word' id='word_1_103' title='bbox 915 1933 946 1994; x_wconf 87' lang='lat' dir='ltr'><strong>id</strong></span> <span class='ocrx_word' id='word_1_104' title='bbox 968 1938 1031 2006; x_wconf 84' lang='lat' dir='ltr'><strong>est,</strong></span> <span class='ocrx_word' id='word_1_105' title='bbox 1052 1932 1121 2022; x_wconf 89' lang='lat' dir='ltr'><strong>opti-</strong></span> 
     </span>
     <span class='ocr_line' id='line_1_16' title="bbox 215 2033 1188 2126; baseline 0 -26"><span class='ocrx_word' id='word_1_106' title='bbox 215 2055 298 2104; x_wconf 88' lang='lat' dir='ltr'><strong>mum</strong></span> <span class='ocrx_word' id='word_1_107' title='bbox 330 2038 408 2102; x_wconf 88' lang='lat' dir='ltr'><strong>inter</strong></span> <span class='ocrx_word' id='word_1_108' title='bbox 427 2033 501 2118; x_wconf 79' lang='lat'>¹⁸²)</span> <span class='ocrx_word' id='word_1_109' title='bbox 529 2036 674 2102; x_wconf 88' lang='lat' dir='ltr'><strong>mortales</strong></span> <span class='ocrx_word' id='word_1_110' title='bbox 703 2047 751 2102; x_wconf 90' lang='lat' dir='ltr'><strong>est</strong></span> <span class='ocrx_word' id='word_1_111' title='bbox 777 2054 852 2117; x_wconf 88' lang='lat' dir='ltr'><strong>spes</strong></span> <span class='ocrx_word' id='word_1_112' title='bbox 880 2040 928 2101; x_wconf 88' lang='lat' dir='ltr'><strong>vel</strong></span> <span class='ocrx_word' id='word_1_113' title='bbox 959 2037 1121 2116; x_wconf 78' lang='lat' dir='ltr'><strong>fiduciae).</strong></span> <span class='ocrx_word' id='word_1_114' title='bbox 1187 2121 1188 2126; x_wconf 5' lang='grc' dir='ltr'>ἵ</span> 
     </span>
     <span class='ocr_line' id='line_1_17' title="bbox 143 2130 1120 2232; baseline -0.002 -26"><span class='ocrx_word' id='word_1_115' title='bbox 143 2209 147 2214; x_wconf 67' lang='grc'><em>,</em></span> <span class='ocrx_word' id='word_1_116' title='bbox 215 2145 272 2222; x_wconf 78' lang='lat' dir='ltr'><strong>Qui</strong></span> <span class='ocrx_word' id='word_1_117' title='bbox 294 2144 374 2206; x_wconf 90' lang='lat' dir='ltr'><strong>eninr</strong></span> <span class='ocrx_word' id='word_1_118' title='bbox 385 2151 465 2212; x_wconf 76' lang='lat' dir='ltr'><strong>sunt</strong></span> <span class='ocrx_word' id='word_1_119' title='bbox 486 2145 626 2208; x_wconf 89' lang='lat' dir='ltr'><strong>viventes</strong></span> <span class='ocrx_word' id='word_1_120' title='bbox 646 2130 725 2208; x_wconf 85' lang='lat' dir='ltr'><strong>inter</strong></span> <span class='ocrx_word' id='word_1_121' title='bbox 742 2143 893 2232; x_wconf 84' lang='lat' dir='ltr'><strong>homines,</strong></span> <span class='ocrx_word' id='word_1_122' title='bbox 918 2160 1006 2224; x_wconf 88' lang='lat' dir='ltr'><strong>spero</strong></span> <span class='ocrx_word' id='word_1_123' title='bbox 1029 2141 1120 2205; x_wconf 85' lang='lat' dir='ltr'><strong>adhuc</strong></span> 
     </span>
     <span class='ocr_line' id='line_1_18' title="bbox 213 2233 1120 2330; baseline -0.004 -16"><span class='ocrx_word' id='word_1_124' title='bbox 213 2233 396 2330; x_wconf 82' lang='lat' dir='ltr'><strong>relinquunt</strong></span> <span class='ocrx_word' id='word_1_125' title='bbox 445 2251 610 2330; x_wconf 86' lang='lat' dir='ltr'><strong>Propterea</strong></span> <span class='ocrx_word' id='word_1_126' title='bbox 640 2250 780 2314; x_wconf 81' lang='lat' dir='ltr'><strong>iacienda</strong></span> <span class='ocrx_word' id='word_1_127' title='bbox 795 2260 879 2313; x_wconf 79' lang='lat' dir='ltr'><strong>sunt</strong></span> <span class='ocrx_word' id='word_1_128' title='bbox 915 2265 997 2329; x_wconf 90' lang='lat' dir='ltr'><strong>quae</strong></span> <span class='ocrx_word' id='word_1_129' title='bbox 1032 2256 1120 2330; x_wconf 85' lang='lat' dir='ltr'><strong>potes,</strong></span> 
     </span>
     <span class='ocr_line' id='line_1_19' title="bbox 214 2357 1187 2438; baseline 0.001 -18"><span class='ocrx_word' id='word_1_130' title='bbox 214 2357 434 2438; x_wconf 75' lang='lat' dir='ltr'><strong>quiapropter</strong></span> <span class='ocrx_word' id='word_1_131' title='bbox 458 2357 603 2437; x_wconf 85' lang='lat' dir='ltr'><strong>retiquios</strong></span> <span class='ocrx_word' id='word_1_132' title='bbox 631 2358 824 2422; x_wconf 83' lang='lat' dir='ltr'><strong>serviendum</strong></span> <span class='ocrx_word' id='word_1_133' title='bbox 851 2365 900 2421; x_wconf 90' lang='lat' dir='ltr'><strong>est</strong></span> <span class='ocrx_word' id='word_1_134' title='bbox 920 2357 975 2418; x_wconf 92' lang='lat' dir='ltr'><strong>toti</strong></span> <span class='ocrx_word' id='word_1_135' title='bbox 996 2373 1120 2420; x_wconf 87' lang='lat' dir='ltr'><strong>massae.</strong></span> <span class='ocrx_word' id='word_1_136' title='bbox 1186 2387 1187 2421; x_wconf 65' lang='grc' dir='ltr'><strong>ι</strong></span> 
     </span>
     <span class='ocr_line' id='line_1_20' title="bbox 298 2460 1120 2548; baseline -0.002 -21"><span class='ocrx_word' id='word_1_137' title='bbox 298 2463 471 2528; x_wconf 80' lang='lat' dir='ltr'><strong>Sin-bonus</strong></span> <span class='ocrx_word' id='word_1_138' title='bbox 491 2464 629 2548; x_wconf 69' lang='lat' dir='ltr'><strong>minister</strong></span> <span class='ocrx_word' id='word_1_139' title='bbox 649 2465 735 2527; x_wconf 89' lang='lat' dir='ltr'><strong>vorbi</strong></span> <span class='ocrx_word' id='word_1_140' title='bbox 749 2460 783 2545; x_wconf 83' lang='lat' dir='ltr'><strong>d)</strong></span> <span class='ocrx_word' id='word_1_141' title='bbox 809 2464 864 2527; x_wconf 87' lang='lat' dir='ltr'><strong>Dei</strong></span> <span class='ocrx_word' id='word_1_142' title='bbox 884 2472 1009 2542; x_wconf 87' lang='lat' dir='ltr'><strong>propter</strong></span> <span class='ocrx_word' id='word_1_143' title='bbox 1030 2463 1120 2526; x_wconf 91' lang='lat' dir='ltr'><strong>bonos</strong></span> 
     </span>
     <span class='ocr_line' id='line_1_21' title="bbox 210 2561 1120 2650; baseline -0.004 -16"><span class='ocrx_word' id='word_1_144' title='bbox 210 2570 300 2634; x_wconf 80' lang='lat' dir='ltr'><strong>nives</strong></span> <span class='ocrx_word' id='word_1_145' title='bbox 328 2571 485 2650; x_wconf 81' lang='lat' dir='ltr'><strong>praeditet</strong></span> <span class='ocrx_word' id='word_1_146' title='bbox 510 2569 637 2634; x_wconf 85' lang='lat' dir='ltr'><strong>verbum</strong></span> <span class='ocrx_word' id='word_1_147' title='bbox 658 2571 726 2646; x_wconf 88' lang='lat' dir='ltr'><strong>Dei,</strong></span> <span class='ocrx_word' id='word_1_148' title='bbox 756 2578 910 2650; x_wconf 87' lang='lat' dir='ltr'><strong>uteunque</strong></span> <span class='ocrx_word' id='word_1_149' title='bbox 937 2561 1025 2632; x_wconf 87' lang='lat' dir='ltr'><strong>multi</strong></span> <span class='ocrx_word' id='word_1_150' title='bbox 1050 2570 1120 2631; x_wconf 88' lang='lat' dir='ltr'><strong>vitn-</strong></span> 
     </span>
     <span class='ocr_line' id='line_1_22' title="bbox 211 2671 1186 2762; baseline -0.001 -23"><span class='ocrx_word' id='word_1_151' title='bbox 211 2683 326 2756; x_wconf 88' lang='lat' dir='ltr'><strong>perent.</strong></span> <span class='ocrx_word' id='word_1_152' title='bbox 369 2676 420 2740; x_wconf 90' lang='lat' dir='ltr'><strong>Sio</strong></span> <span class='ocrx_word' id='word_1_153' title='bbox 441 2678 468 2739; x_wconf 90' lang='lat' dir='ltr'><strong>si</strong></span> <span class='ocrx_word' id='word_1_154' title='bbox 492 2671 716 2762; x_wconf 79' lang='lat' dir='ltr'><strong>praeceptore)</strong></span> <span class='ocrx_word' id='word_1_155' title='bbox 740 2677 820 2740; x_wconf 89' lang='lat' dir='ltr'><strong>dnos</strong></span> <span class='ocrx_word' id='word_1_156' title='bbox 840 2678 940 2740; x_wconf 89' lang='lat' dir='ltr'><strong>bonos</strong></span> <span class='ocrx_word' id='word_1_157' title='bbox 957 2673 1119 2754; x_wconf 84' lang='lat' dir='ltr'><strong>discipulos</strong></span> <span class='ocrx_word' id='word_1_158' title='bbox 1185 2695 1186 2703; x_wconf 51' lang='lat'>¹</span> 
     </span>
     <span class='ocr_line' id='line_1_23' title="bbox 212 2781 1119 2864; baseline -0.004 -18"><span class='ocrx_word' id='word_1_159' title='bbox 212 2782 333 2856; x_wconf 89' lang='lat' dir='ltr'><strong>habeat,</strong></span> <span class='ocrx_word' id='word_1_160' title='bbox 356 2791 481 2864; x_wconf 86' lang='lat' dir='ltr'><strong>propter</strong></span> <span class='ocrx_word' id='word_1_161' title='bbox 500 2783 560 2847; x_wconf 90' lang='lat' dir='ltr'><strong>hos</strong></span> <span class='ocrx_word' id='word_1_162' title='bbox 581 2783 782 2848; x_wconf 86' lang='lat' dir='ltr'><strong>laborandum</strong></span> <span class='ocrx_word' id='word_1_163' title='bbox 803 2791 859 2856; x_wconf 89' lang='lat' dir='ltr'><strong>est,</strong></span> <span class='ocrx_word' id='word_1_164' title='bbox 881 2783 1001 2848; x_wconf 87' lang='lat' dir='ltr'><strong>etiamsi</strong></span> <span class='ocrx_word' id='word_1_165' title='bbox 1022 2781 1119 2861; x_wconf 84' lang='lat' dir='ltr'><strong>viginti</strong></span> 
     </span>
     <span class='ocr_line' id='line_1_24' title="bbox 213 2887 1185 2985; baseline -0.002 -33"><span class='ocrx_word' id='word_1_166' title='bbox 213 2891 292 2954; x_wconf 89' lang='lat' dir='ltr'><strong>ntios</strong></span> <span class='ocrx_word' id='word_1_167' title='bbox 311 2887 425 2968; x_wconf 86' lang='lat' dir='ltr'><strong>habeat</strong></span> <span class='ocrx_word' id='word_1_168' title='bbox 446 2891 543 2955; x_wconf 84' lang='lat' dir='ltr'><strong>metae</strong></span> <span class='ocrx_word' id='word_1_169' title='bbox 565 2888 675 2954; x_wconf 88' lang='lat' dir='ltr'><strong>indolis</strong></span> <span class='ocrx_word' id='word_1_170' title='bbox 698 2907 735 2954; x_wconf 88' lang='lat' dir='ltr'><strong>ao</strong></span> <span class='ocrx_word' id='word_1_171' title='bbox 756 2889 947 2970; x_wconf 88' lang='lat' dir='ltr'><strong>desperatos.</strong></span> <span class='ocrx_word' id='word_1_172' title='bbox 990 2889 1043 2952; x_wconf 84' lang='lat' dir='ltr'><strong>Sin</strong></span> <span class='ocrx_word' id='word_1_173' title='bbox 1061 2887 1119 2952; x_wconf 86' lang='lat' dir='ltr'><strong>Ma·</strong></span> <span class='ocrx_word' id='word_1_174' title='bbox 1184 2903 1185 2985; x_wconf 61' lang='grc' dir='ltr'><strong>ι</strong></span> 
     </span>
     <span class='ocr_line' id='line_1_25' title="bbox 197 2967 1120 3078; baseline 0 -20"><span class='ocrx_word' id='word_1_175' title='bbox 197 2967 359 3078; x_wconf 49' lang='lat' dir='ltr'><strong>{istratus</strong></span> <span class='ocrx_word' id='word_1_176' title='bbox 372 2991 401 3078; x_wconf 84' lang='lat' dir='ltr'><strong>t)</strong></span> <span class='ocrx_word' id='word_1_177' title='bbox 432 3013 556 3075; x_wconf 90' lang='lat' dir='ltr'><strong>quoque</strong></span> <span class='ocrx_word' id='word_1_178' title='bbox 578 3013 671 3076; x_wconf 78' lang='lat' dir='ltr'><strong>agere</strong></span> <span class='ocrx_word' id='word_1_179' title='bbox 692 2997 795 3070; x_wconf 85' lang='lat' dir='ltr'><strong>debet,</strong></span> <span class='ocrx_word' id='word_1_180' title='bbox 826 2997 935 3060; x_wconf 90' lang='lat' dir='ltr'><strong>sinon</strong></span> <span class='ocrx_word' id='word_1_181' title='bbox 956 3003 1059 3075; x_wconf 85' lang='lat' dir='ltr'><strong>potest</strong></span> <span class='ocrx_word' id='word_1_182' title='bbox 1078 3003 1120 3058; x_wconf 93' lang='lat' dir='ltr'><strong>to·</strong></span> 
     </span>
     <span class='ocr_line' id='line_1_26' title="bbox 189 3102 1184 3178; baseline -0.004 -12"><span class='ocrx_word' id='word_1_183' title='bbox 189 3110 274 3178; x_wconf 23' lang='lat' dir='ltr'><strong>*tarn</strong></span> <span class='ocrx_word' id='word_1_184' title='bbox 304 3103 457 3166; x_wconf 80' lang='lat' dir='ltr'><strong>civitatem</strong></span> <span class='ocrx_word' id='word_1_185' title='bbox 489 3105 518 3166; x_wconf 90' lang='lat' dir='ltr'><strong>in</strong></span> <span class='ocrx_word' id='word_1_186' title='bbox 548 3102 647 3167; x_wconf 83' lang='lat' dir='ltr'><strong>officio</strong></span> <span class='ocrx_word' id='word_1_187' title='bbox 667 3103 835 3176; x_wconf 78' lang='lat' dir='ltr'><strong>continere,</strong></span> <span class='ocrx_word' id='word_1_188' title='bbox 865 3111 966 3167; x_wconf 86' lang='lat' dir='ltr'><strong>tamen</strong></span> <span class='ocrx_word' id='word_1_189' title='bbox 994 3103 1119 3164; x_wconf 89' lang='lat' dir='ltr'><strong>inveniet</strong></span> <span class='ocrx_word' id='word_1_190' title='bbox 1183 3133 1184 3176; x_wconf 19' lang='lat' dir='ltr'><strong>p</strong></span> 
     </span>
     <span class='ocr_line' id='line_1_27' title="bbox 179 3177 1184 3291; baseline -0.006 -18"><span class='ocrx_word' id='word_1_191' title='bbox 179 3253 181 3260; x_wconf 35' lang='lat' dir='ltr'><strong><em>s</em></strong></span> <span class='ocrx_word' id='word_1_192' title='bbox 211 3224 304 3273; x_wconf 87' lang='lat' dir='ltr'><strong>onum</strong></span> <span class='ocrx_word' id='word_1_193' title='bbox 335 3216 368 3273; x_wconf 88' lang='lat' dir='ltr'><strong>et</strong></span> <span class='ocrx_word' id='word_1_194' title='bbox 392 3211 517 3272; x_wconf 82' lang='lat' dir='ltr'><strong>alterurn</strong></span> <span class='ocrx_word' id='word_1_195' title='bbox 546 3209 662 3284; x_wconf 82' lang='lat' dir='ltr'><strong>nivern„</strong></span> <span class='ocrx_word' id='word_1_196' title='bbox 691 3210 773 3290; x_wconf 86' lang='lat' dir='ltr'><strong>aqud</strong></span> <span class='ocrx_word' id='word_1_197' title='bbox 806 3227 887 3291; x_wconf 89' lang='lat' dir='ltr'><strong>qnos</strong></span> <span class='ocrx_word' id='word_1_198' title='bbox 919 3208 1033 3289; x_wconf 87' lang='lat' dir='ltr'><strong>atiqoid</strong></span> <span class='ocrx_word' id='word_1_199' title='bbox 1059 3207 1118 3272; x_wconf 83' lang='lat' dir='ltr'><strong>etii·</strong></span> <span class='ocrx_word' id='word_1_200' title='bbox 1183 3177 1184 3267; x_wconf 67' lang='lat' dir='ltr'><strong>i</strong></span> 
     </span>
     <span class='ocr_line' id='line_1_28' title="bbox 211 3315 1118 3395; baseline -0.003 -15"><span class='ocrx_word' id='word_1_201' title='bbox 211 3316 272 3380; x_wconf 87' lang='lat' dir='ltr'><strong>oiet</strong></span> <span class='ocrx_word' id='word_1_202' title='bbox 298 3322 354 3378; x_wconf 80' lang='lat' dir='ltr'><strong>ete</strong></span> <span class='ocrx_word' id='word_1_203' title='bbox 395 3317 466 3379; x_wconf 87' lang='lat' dir='ltr'><strong>Hne</strong></span> <span class='ocrx_word' id='word_1_204' title='bbox 489 3331 564 3395; x_wconf 75' lang='lat' dir='ltr'><strong>ergo</strong></span> <span class='ocrx_word' id='word_1_205' title='bbox 592 3317 635 3380; x_wconf 88' lang='lat' dir='ltr'><strong>ait</strong></span> <span class='ocrx_word' id='word_1_206' title='bbox 655 3316 816 3392; x_wconf 84' lang='lat' dir='ltr'><strong>Salomon,</strong></span> <span class='ocrx_word' id='word_1_207' title='bbox 845 3333 884 3380; x_wconf 88' lang='lat' dir='ltr'><strong>oe</strong></span> <span class='ocrx_word' id='word_1_208' title='bbox 910 3315 1118 3395; x_wconf 84' lang='lat' dir='ltr'><strong>desperatione</strong></span> 
     </span>
     <span class='ocr_line' id='line_1_29' title="bbox 131 3412 1118 3505; baseline -0.001 -19"><span class='ocrx_word' id='word_1_209' title='bbox 131 3441 134 3450; x_wconf 71' lang='grc'>’</span> <span class='ocrx_word' id='word_1_210' title='bbox 193 3412 398 3500; x_wconf 69' lang='grc' dir='ltr'><strong>ἰιιιιειιιιιιι,</strong></span> <span class='ocrx_word' id='word_1_211' title='bbox 424 3437 527 3501; x_wconf 85' lang='lat' dir='ltr'><strong>neque</strong></span> <span class='ocrx_word' id='word_1_212' title='bbox 553 3424 644 3489; x_wconf 80' lang='lat' dir='ltr'><strong>attan</strong></span> <span class='ocrx_word' id='word_1_213' title='bbox 672 3439 915 3505; x_wconf 81' lang='lat' dir='ltr'><strong>praesumemus.</strong></span> <span class='ocrx_word' id='word_1_214' title='bbox 956 3421 1023 3488; x_wconf 84' lang='lat' dir='ltr'><strong>Non</strong></span> <span class='ocrx_word' id='word_1_215' title='bbox 1044 3421 1118 3487; x_wconf 87' lang='lat' dir='ltr'><strong>enim</strong></span> 
     </span>
    </p>
   </div>
   <div class='ocr_carea' id='block_1_5' title="bbox 282 3637 1182 3744">
    <p class='ocr_par' dir='ltr' id='par_1_7' title="bbox 282 3637 1182 3744">
     <span class='ocr_line' id='line_1_30' title="bbox 282 3637 1182 3744; baseline -0.002 -17"><span class='ocrx_word' id='word_1_216' title='bbox 282 3674 311 3742; x_wconf 86' lang='lat' dir='ltr'><strong>o)</strong></span> <span class='ocrx_word' id='word_1_217' title='bbox 328 3673 395 3744; x_wconf 80' lang='lat' dir='ltr'><strong>Sper</strong></span> <span class='ocrx_word' id='word_1_218' title='bbox 412 3673 509 3743; x_wconf 82' lang='lat' dir='ltr'><strong>optime</strong></span> <span class='ocrx_word' id='word_1_219' title='bbox 528 3687 572 3729; x_wconf 81' lang='lat' dir='ltr'><strong>res</strong></span> <span class='ocrx_word' id='word_1_220' title='bbox 588 3671 700 3743; x_wconf 74' lang='grc'><strong>(1530).</strong></span> <span class='ocrx_word' id='word_1_221' title='bbox 735 3673 770 3743; x_wconf 86' lang='lat' dir='ltr'><strong>d)</strong></span> <span class='ocrx_word' id='word_1_222' title='bbox 789 3672 972 3732; x_wconf 81' lang='lat' dir='ltr'><strong>Goneionator.</strong></span> <span class='ocrx_word' id='word_1_223' title='bbox 1008 3671 1042 3744; x_wconf 83' lang='lat' dir='ltr'><strong>e)</strong></span> <span class='ocrx_word' id='word_1_224' title='bbox 1060 3671 1117 3727; x_wconf 80' lang='lat' dir='ltr'><strong>Pae·</strong></span> <span class='ocrx_word' id='word_1_225' title='bbox 1181 3637 1182 3688; x_wconf 31' lang='grc' dir='ltr'><strong>ι</strong></span> 
     </span>
    </p>
   </div>
   <div class='ocr_carea' id='block_1_6' title="bbox 162 3767 1032 3960">
    <p class='ocr_par' dir='ltr' id='par_1_8' title="bbox 162 3767 1032 3960">
     <span class='ocr_line' id='line_1_31' title="bbox 162 3767 848 3840; baseline 0 -16"><span class='ocrx_word' id='word_1_226' title='bbox 162 3771 167 3780; x_wconf 89' lang='grc'><em>’</em></span> <span class='ocrx_word' id='word_1_227' title='bbox 212 3767 365 3840; x_wconf 64' lang='lat' dir='ltr'><strong>&amp;pognn&#39;</strong></span> <span class='ocrx_word' id='word_1_228' title='bbox 395 3767 618 3840; x_wconf 66' lang='lat' dir='ltr'><strong>morirentur.</strong></span> <span class='ocrx_word' id='word_1_229' title='bbox 719 3777 725 3786; x_wconf 88' lang='lat'><em>·</em></span> <span class='ocrx_word' id='word_1_230' title='bbox 810 3774 848 3808; x_wconf 81' lang='lat'>···&#39;</span> 
     </span>
     <span class='ocr_line' id='line_1_32' title="bbox 243 3859 1032 3960; baseline 0.003 -42"><span class='ocrx_word' id='word_1_231' title='bbox 243 3937 256 3960; x_wconf 44' lang='grc' dir='ltr'><em>Ι</em></span> <span class='ocrx_word' id='word_1_232' title='bbox 285 3859 352 3934; x_wconf 80' lang='lat' dir='ltr'><strong>tet)</strong></span> <span class='ocrx_word' id='word_1_233' title='bbox 371 3861 491 3922; x_wconf 78' lang='lat' dir='ltr'><strong>hominen</strong></span> <span class='ocrx_word' id='word_1_234' title='bbox 510 3861 624 3936; x_wconf 77' lang='lat' dir='ltr'><strong>(toto).</strong></span> <span class='ocrx_word' id='word_1_235' title='bbox 678 3861 744 3934; x_wconf 79' lang='lat' dir='ltr'><strong>tet)</strong></span> <span class='ocrx_word' id='word_1_236' title='bbox 762 3864 831 3937; x_wconf 81' lang='lat' dir='ltr'><strong>oport</strong></span> <span class='ocrx_word' id='word_1_237' title='bbox 854 3862 989 3938; x_wconf 54' lang='lat' dir='ltr'><strong>(totta</strong></span> <span class='ocrx_word' id='word_1_238' title='bbox 1028 3909 1032 3920; x_wconf 90' lang='lat'>.</span> 
     </span>
    </p>
   </div>
   <div class='ocr_carea' id='block_1_7' title="bbox 1177 4163 1180 4288">
    <p class='ocr_par' dir='ltr' id='par_1_9' title="bbox 1177 4163 1180 4288">
     <span class='ocr_line' id='line_1_33' title="bbox 1177 4163 1180 4288; baseline 0 0"><span class='ocrx_word' id='word_1_239' title='bbox 1177 4163 1180 4288; x_wconf 87' lang='grc' dir='ltr'><strong>ι</strong></span> 
     </span>
    </p>
   </div>
   <div class='ocr_carea' id='block_1_8' title="bbox 0 0 1208 4322">
    <p class='ocr_par' dir='ltr' id='par_1_10' title="bbox 0 0 1208 4322">
     <span class='ocr_line' id='line_1_34' title="bbox 0 0 1208 4322; baseline 0 0"><span class='ocrx_word' id='word_1_240' title='bbox 0 0 1208 4322; x_wconf 95' lang='lat' dir='ltr'><strong> </strong></span> 
     </span>
    </p>
   </div>
  </div>
 </body>
</html>
