2308 4316
638 83 644 144 l

205 239 248 309 ὅθ
460 223 462 228 ’
496 249 499 260 ’
525 241 617 324 (inpari
637 245 820 342 suaniam

204 425 282 490 adeo
309 431 344 489 at
369 424 451 490 haec
472 426 627 490 temeritas
649 425 792 490 tumuerit
812 420 1024 503 proverbium:
1050 422 1102 484 Aa·

207 535 301 598 doces
322 534 441 596 iortuna
459 531 597 612 juvent).
662 533 665 540 ’

292 639 399 704 cicero
408 639 444 720 ιι)
461 647 492 703 et
506 639 731 705 Demosthenes
745 636 781 718 v)
798 641 883 698 erant
901 633 1102 714 sapientissimi

167 789 170 800 r
205 746 360 820 homines,
394 747 446 825 qui
485 747 641 826 praeclare
670 743 889 806 constituerunt
919 733 1101 819 respublicas,

204 853 434 932 descripserunt
459 849 559 930 leges,
596 851 745 930 potabant
776 849 867 912 etiam
894 848 975 920 iore,
1007 853 1039 908 ut
1064 863 1101 907 re-

205 960 393 1036 spomlarent
414 966 542 1020 eventus
562 966 593 1020 et
614 973 799 1030 successus,
828 954 884 1018 scd
911 955 942 1015 in
963 952 1101 1040 diversum

186 1066 294 1137 ‘abiit‚
314 1065 409 1138 ariao,
430 1070 465 1124 ut
485 1064 531 1126 sic
552 1065 627 1126 alter
647 1065 686 1126 do
707 1079 743 1126 se
764 1064 889 1124 clamet:
926 1058 952 1121 0
974 1075 1024 1120 me
1041 1072 1101 1118 nnn·

204 1187 298 1250 quam
325 1169 511 1248 sapientem,
543 1178 573 1232 et
601 1169 766 1250 aliqnando
792 1168 823 1228 id
850 1165 935 1246 quod
965 1181 1024 1227 non
1050 1171 1102 1224 erat

202 1277 315 1339 lrustre
331 1275 545 1350 existimatum,
566 1285 713 1365 quantum
733 1282 772 1348 te,
793 1275 825 1337 Ρ.
844 1273 988 1344 Romane,
1008 1269 1046 1331 dc
1063 1286 1101 1330 me

104 1371 115 1382 ”
202 1383 313 1444 ieiellit.
332 1383 435 1460 opinio
463 1389 518 1444 etc.
571 1383 655 1445 Alter
681 1397 756 1444 vero
784 1379 870 1442 senio
899 1378 1052 1440 conlectus
1078 1382 1101 1435 et

202 1489 316 1551 tractus
339 1487 513 1562 laboribuS,
543 1479 631 1562 dixit,
660 1481 696 1550 s'e
723 1487 821 1563 magis
850 1491 956 1564 optare
982 1487 1101 1554 mortem

171 1641 178 1654 .
203 1612 296 1674 quana
318 1594 418 1658 redire
439 1595 479 1656 ed
501 1593 734 1674 rempublicam,
761 1597 906 1675 expertus
928 1595 959 1651 et
977 1588 1042 1668 ipsc
1060 1604 1100 1649 res

103 1747 106 1756 .
203 1717 265 1763 non
287 1701 350 1778 geri
373 1701 508 1764 consiliis
528 1699 731 1779 prudentium,
756 1697 846 1762 etiarn
867 1696 965 1760 bonis.
1005 1693 1101 1758 Contra

165 1795 172 1824 ⁸
204 1805 356 1884 Juliusw)
382 1815 412 1870 et
432 1801 623 1886 Octaviusx)
649 1805 812 1877 Caesares,
839 1819 902 1866 non
923 1818 1042 1881 semper
1059 1819 1100 1864 sa-

203 1911 317 1991 pientia
334 1905 407 1990 31),
446 1899 503 1974 seli
536 1929 632 1991 saepe
670 1910 799 1975 audacia
831 1909 959 1973 consilia
987 1909 1099 1988 sequti,

177 2016 296 2080 'multo
326 2018 446 2080 luerunt
472 2015 694 2081 lorlunatiores.
745 2015 905 2094 Philippus
939 2015 1058 2078 Macedo
1067 2015 1095 2094 l)

202 2123 266 2200 agit
288 2131 394 2186 contra
416 2125 545 2187 consilia
555 2123 779 2198 Demosthenis,
801 2131 831 2186 at
851 2123 920 2201 ipse
938 2123 1032 2200 magis
1049 2123 1098 2185 lor·

202 2235 326 2292 tatnatas
347 2242 442 2309 quani
462 2231 606 2308 pretione.

250 2359 255 2372 ,
282 2333 417 2404 Consilia
432 2343 526 2399 ,certe
553 2343 639 2399 eram
665 2337 763 2410 bona,
790 2335 900 2398 verunt*
923 2333 977 2396 itta
1000 2332 1042 2396 sio
1058 2349 1098 2396 or·

201 2454 273 2519 gere
285 2437 328 2524 2),
351 2449 465 2504 certam
483 2459 664 2506 successum
676 2433 810 2517 definire,
831 2457 945 2504 vanum
961 2445 1013 2503 est
1042 2439 1096 2502 llcn

201 2549 280 2610 enirn
291 2539 834 2628 voluntreshumanisoonsiliiscapi.
852 2547 1096 2621 Summa,reeaon

201 2654 322 2729 genuae,
340 2669 442 2733 neque
453 2669 510 2732 per
523 2655 704 2733 sapientiam
718 2655 892 2732 sapientum
909 2669 1009 2733 neque
1019 2659 1096 2714 ema

74 2814 89 2825 s.
201 2761 291 2822 ritate
310 2761 484 2834 stultorum,
517 2767 550 2823 nt
576 2761 760 2824 infatuentur
787 2762 960 2840 sapientum
980 2758 1095 2831 consilo,

200 2865 240 2927 rie
262 2865 425 2943 gloriemur
445 2867 484 2928 de
505 2867 701 2947 nobisipsis.
744 2867 796 2930 Sic
816 2868 846 2934 in
867 2867 948 2930 bello
969 2881 1027 2929 non
1045 2870 1095 2927 stt·

199 2971 252 3034 tina
282 2959 430 3050 contingit
457 2971 598 3047 victoria,
638 2973 757 3036 etiamsi
791 2974 831 3036 sit
862 2972 1093 3036 instructissimus

200 3077 368 3153 enormius,
397 3086 428 3142 et
449 3080 550 3142 omnic
572 3080 799 3157 sapientissime
819 3081 1004 3158 excogitate,
1031 3076 1093 3138 sicat

200 3185 411 3263 superioribus
423 3186 521 3248 'annis
537 3186 719 3264 sperabatur
739 3184 970 3250 carta'nictoria
991 3181 1090 3247 analo

175 3302 179 3313 ‘
200 3281 241 3354 d'e
262 3291 408 3367 Caesare,
430 3292 487 3356 sed
509 3291 691 3356 contrarium
712 3291 829 3354 accidit.

202 3459 410 3477 *u*—

271 3552 297 3625 t)
317 3554 437 3610 Audaces
448 3551 553 3606 fortuna
562 3551 648 3620 lavat.
684 3553 715 3621 n)
729 3549 832 3607 Cicero.
867 3550 901 3620 v)
913 3547 1089 3618 Demosthenes

200 3646 243 3714 w)
263 3645 356 3702 lulius.
390 3648 450 3716 fx)
471 3645 604 3700 Octavius.
659 3644 947 3716 y)1'lrilip.llucedo.
998 3645 1024 3714 a)
1039 3641 1089 3696 (lon-

200 3740 268 3806 oiliev
279 3739 350 3794 bone
368 3753 465 3810 argere
482 3755 579 3794 vanum
596 3739 703 3808 (tolo).

257 3831 322 3902 ,31)
339 3832 416 3890 llscr.
436 3835 561 3904 sapienta.
