2308 4316
312 251 498 316 anserinae
518 252 688 330 Sdomoaia
909 243 952 314 49

53 431 231 514 pronomini
252 433 426 507 voluntate,
451 445 541 500 menn
562 435 596 500 td
609 435 672 515 'dut
692 431 737 514 iii,
759 429 888 510 cogitet,
914 430 950 500 ‘et
980 412 984 420 ’

52 539 98 606 ton
112 535 188 618 motti
206 535 264 602 bod
279 543 413 615 metuam
436 548 466 602 et
485 521 631 613 econtra,
652 556 691 602 ne
705 539 822 602 seilicet
841 539 951 614 volup·
1021 507 1027 536 ¹

53 646 150 708 tatibus
177 643 295 734 diffluat
322 652 353 707 et
373 645 582 723 immergatur,
609 644 866 725 quemadmodum
894 643 952 704 im·

52 754 86 829 pii
104 757 155 812 ete.
196 749 233 812 Et
253 748 327 812 nihii
347 751 497 828 reliquum
518 753 577 816 sub
599 753 674 818 sole.
717 753 761 814 De
782 751 850 812 suis
878 765 953 812 eou-

51 857 115 918 siiiis
133 853 208 916 nihil
228 854 337 930 habet,
359 857 418 918 nisi
439 843 614 920 aerumnam
636 865 667 920 et
684 857 845 930 miseriam.
872 856 951 918 ¹Res

51 962 156 1040 quidem
171 967 243 1022 sunt
257 962 366 1036 bonae,
388 963 562 1024 sedetuoia
577 970 683 1026 nostre
702 972 773 1026 sunt
787 977 877 1042 vanu
898 959 951 1037 qui

50 1067 272 1146 praescribimus
292 1069 351 1130 illis
366 1071 498 1146 regulus,
520 1069 588 1130 sive
603 1069 706 1152 utendi
725 1067 859 1140 modum,
881 1081 950 1128 oum

50 1175 106 1234 ittae
124 1189 185 1236 non
207 1175 309 1236 sinent
329 1189 364 1244 se
386 1175 516 1238 euobis
536 1175 675 1254 regulari.

50 1337 225 1402 converti
265 1357 322 1402 me
355 1341 401 1403 ed
434 1321 953 1420 perspiciendamsepien-

48 1447 124 1506 tiam
151 1453 189 1507 et
224 1448 440 1509 stultitiam
466 1454 505 1508 et
534 1448 805 1510 temeritatem.
833 1427 952 1522 ¹Quis

49 1553 132 1612 enirn
153 1549 268 1641 horno
290 1559 425 1631 potest
444 1553 591 1615 imitari
611 1569 757 1631 regem,
779 1553 845 1632 qui
867 1568 952 1616 eum

49 1665 125 1718 onte
152 1657 274 1720 iecit?
329 1657 372 1721 Ei
394 1659 493 1736 vidi,
522 1657 625 1739 quod
652 1655 856 1738 sapientia
893 1657 954 1719 sie

48 1763 199 1825 excellit
227 1764 458 1840 stultitiam,
493 1773 533 1828 ut
562 1766 627 1827 lux
654 1765 851 1828 tenebras.
910 1761 955 1824 Et

48 1867 142 1948 quod
170 1869 337 1948 sepiens
365 1871 486 1934 habet
513 1872 652 1934 oculos
680 1869 884 1949 incapite,
917 1874 954 1928 ot

48 1973 185 2038 stultus
212 1976 250 2037 in
277 1977 455 2040 tenebris
486 1977 667 2038 ambulat.
720 1975 762 2037 Et
793 1975 954 2054 agnoui,
1030 2055 1034 2070 Ι

86 2081 186 2185 quod
207 2090 375 2146 eventus
396 2082 512 2150 iidem
535 2081 615 2145 sint
636 2088 902 2160 utrorumque.

118 2234 186 2296 Alia
214 2219 402 2313 experientia
422 2233 533 2312 probat
553 2233 656 2296 omnia
677 2247 750 2296 esse
770 2247 867 2310 vana,
899 2246 952 2294 oo·

47 2347 136 2415 natus,
154 2341 289 2420 inquom,
311 2347 341 2404 et
362 2339 490 2403 consilia
504 2338 648 2402 humana.
690 2334 951 2425 Quemadmodum

50 2443 171 2527 (iuquit)
196 2444 270 2508 mihi
301 2445 451 2522 contigit:
471 2444 517 2506 sio
542 2443 603 2506 vidi
635 2443 702 2506 aliis
729 2456 854 2522 quoque
881 2456 954 2510 oon·

46 2553 161 2630 tingere.
205 2549 340 2614 consilia
360 2566 430 2612 mea
450 2556 480 2611 et
501 2551 570 2629 ipsa
591 2549 682 2614 etiarn
702 2525 854 2626 sturionum
873 2561 955 2612 vane
1023 2527 1027 2538 “

47 2665 73 2720 et
98 2657 178 2720 irrita
208 2659 279 2732 iuit,
310 2673 371 2718 non
399 2655 506 2740 hebuit
532 2655 615 2718 huno
635 2670 831 2728 successum,
862 2668 953 2731 quem
1001 2715 1008 2743 ⁸

48 2778 100 2838 ego
126 2763 274 2826 volebam
325 2762 408 2824 ldenr
434 2761 634 2826 animadverti
664 2760 695 2824 in
722 2757 791 2832 otiis
820 2773 954 2838 quoque,

49 2871 179 2947 spectavi
206 2871 334 2933 otiorum
364 2868 543 2947 sapientiam
572 2875 602 2930 et
623 2866 796 2938 stultitiam,
822 2866 955 2942 ipsaque
1010 2867 1014 2876 “

49 2974 119 3036 inter
137 2991 210 3042 sese
238 2975 359 3038 eontuii.
401 2974 472 3036 Vidi
498 2973 649 3052 quosdam
671 2971 896 3050 sapientissime
918 2987 956 3034 se

50 3095 153 3155 gerere,
176 3089 207 3144 et
222 3081 317 3144 multo
332 3079 494 3159 prudenter
508 3079 620 3143 eonon.
662 3077 733 3139 Vidi
749 3078 821 3140 item
843 3077 954 3144 stultas

1 3194 2 3198 ’
49 3187 232 3260 temerarios,
265 3188 333 3249 sine
363 3185 497 3248 consitiis
526 3191 670 3262 agentes,
696 3199 825 3261 quorum
840 3192 956 3249 ,tauron

49 3293 193 3354 temeritas
214 3299 246 3354 et
267 3291 393 3354 stultitia
404 3291 569 3369 ¹aliquando
591 3290 742 3352 fortunata
763 3291 817 3352 tuit
838 3297 868 3352 et
885 3291 956 3352 sud·

51 3412 164 3460 cessum
200 3397 323 3471 habuit,
360 3396 412 3460 ubi
449 3397 621 3474 sapientum
659 3395 787 3458 consilia
829 3409 957 3473 prorsus

50 3501 125 3564 irrita
150 3501 395 3594 iuemnts)‚et
419 3501 681 3566 infortunatissimi
701 3500 762 3579 ipsi
792 3500 957 3579 sapientes,
978 3569 980 3575 ,

703 3745 711 3810 Ι

725 3920 746 3988 d

116 3842 143 3915 a)
155 3807 278 3899 'flumme
295 3841 407 3901 consilia
424 3840 527 3896 faliunt.
