2386 4316
524 249 613 328 ceput
629 249 763 325 ‚quntum

386 427 534 492 bisseni
553 426 901 507 myrrhamme‘am.

266 579 434 664 Myrrho*)
458 592 506 646 est
520 581 710 646 mortificatio
731 582 841 645 carnis.
870 547 1100 662 itomanam),
1169 635 1170 644 ,

184 707 265 769 quoe
292 691 428 754 suaviter
454 689 551 764 oieut,
582 697 654 752 sunt
680 687 797 769 reliqua
829 683 916 751 bona
943 702 1038 766 opera
1060 675 1099 750 ‘ot

183 797 299 862 fructus
313 796 393 870 fidei,
415 795 475 859 hos
496 812 533 859 se
553 795 696 873 colligere
716 803 745 858 et
767 795 805 858 iis
826 794 885 857 frui
906 793 987 856 dicit.

365 962 514 1027 Favum
535 978 656 1026 meum
677 960 828 1024 comedi
850 966 920 1022 etc
1170 995 1171 1048 i

173 1087 176 1103 ¹
269 1113 348 1177 Nota
360 1111 542 1194 emphasim,
562 1113 646 1192 quod
668 1112 770 1202 omnia
791 1111 912 1178 iiiasua
925 1127 1000 1174 esse
1021 1111 1098 1186 dicit,

185 1219 277 1299 quasi
293 1219 396 1284 dicat:
417 1215 628 1301 Placentffl)
646 1219 720 1288 mihi
739 1218 913 1310 conciones,
935 1219 1099 1282 consolati-

183 1342 268 1400 ones,
289 1341 384 1405 opera
406 1333 479 1404 ωας
502 1326 650 1401 vivendo,
671 1326 836 1405 operando,
855 1325 1027 1405 loquendo,
1047 1325 1100 1388 do·

182 1433 281 1496 cendo
306 1434 412 1511 places
445 1437 503 1495 etc.
545 1430 610 1494 Etsi
644 1439 745 1496 autem
765 1433 831 1496 iieri
858 1449 920 1496 non
941 1430 1049 1510 possit
1071 1431 1099 1492 iu
1171 1437 1172 1470 t

182 1539 243 1602 hac
266 1538 448 1614 infirmitate,
469 1535 542 1617 quin
564 1540 659 1608 multa
680 1546 852 1619 peccentur,
873 1545 927 1602 aut
947 1540 1098 1616 negligen-

183 1645 240 1719 tia,
274 1652 329 1708 aut
355 1645 428 1718 aliis·
446 1645 563 1720 modis,
596 1652 698 1711 tamen
719 1646 898 1724 praemiata
917 1645 1098 1718 obedientia

135 1745 143 1764 ‘
182 1752 379 1832 quantumvis
399 1752 595 1831 inperfecta,
628 1756 753 1830 propter
773 1751 864 1814 fidem
884 1753 916 1814 in
938 1751 1096 1816 Christum.

182 1858 268 1922 Sicut
287 1857 444 1921 iohannes
466 1857 539 1920 dicit
556 1854 674 1936 ”Q
695 1858 780 1921 Deus
802 1858 900 1937 maior
920 1867 987 1932 est,
1009 1876 1097 1937 quam

184 1981 238 2028 cor
257 1971 403 2028 nostrum.
442 1963 599 2028 Habemus
620 1963 688 2040 ejus
709 1964 939 2045 bonum,‘quod
955 1965 1097 2029 infinitum

183 2078 246 2146 cst,
268 2077 373 2134 eontra
394 2077 533 2134 nostrum
553 2071 666 2133 maium
687 2069 812 2133 finitum.

469 2233 674 2300 comedite
695 2209 822 2298 ar‘o'ici.

227 2397 231 2402 '
264 2389 441 2456 Exhortatio
457 2389 497 2469 †)
521 2389 561 2452 ad
582 2396 677 2454 totum
698 2391 876 2466 ecelesiam,
909 2397 943 2454 ut
963 2391 1095 2454 truantur

183 2497 408 2564 iliisbenedciis
429 2504 460 2559 et
475 2495 564 2560 donis
586 2512 655 2560 cum
678 2497 868 2575 gratitudine
899 2497 978 2560 Sum
999 2504 1096 2560 autem

182 2605 380 2670 necessariae
408 2601 652 2676 consolationes,
690 2619 772 2682 quae
806 2618 900 2680 aegre
937 2603 1097 2666 creduntur

184 2714 223 2776 ab
244 2713 291 2786 iis,
313 2711 550 2792 quiversantur
570 2712 619 2776 vel
638 2709 668 2771 in
688 2709 800 2788 politia,
822 2710 872 2770 vel
893 2709 925 2770 in
946 2709 1094 2771 eeclesiae

184 2816 360 2882 ministerio.
403 2813 589 2880 Confirmant
610 2823 720 2895 autern¹
740 2816 859 2878 animos
887 2815 1027 2894 piorum,
1059 2833 1094 2878 ue

183 2923 340 2988 laboribus
364 2929 400 2988 etv
415 2920 629 2999 ingratitudine
650 2920 807 2986 bominum
827 2921 913 2985 tracti
936 2921 1094 2986 discedant

76 3119 80 3128 1
169 3032 224 3096 ab
245 3029 348 3096 officio
366 3043 433 3092 suo.

155 3261 167 3284 ι,
266 3195 421 3260 Dormio
442 3210 522 3271 ego,
544 3193 614 3256 sed
636 3208 701 3256 eor
722 3208 843 3255 meum
864 3191 1016 3271 vigilat.

266 3348 322 3414 Hic
350 3349 455 3430 incipit
485 3365 584 3414 novus
612 3349 708 3412 loeus.
749 3349 905 3414 Hactenus
935 3348 1016 3412 enim
1043 3347 1093 3411 de·

185 3457 313 3540 scripsit
328 3464 450 3537 matous
471 3454 694 3538 pulcherrimae
714 3457 811 3534 pacis,
833 3471 914 3537 quae
935 3456 996 3520 sub
1010 3455 1093 3520 Salo-

184 3633 394 3652 μ

230 3783 233 3798 ,
256 3711 420 3811 *ibimus
493 3741 543 3808 ”J
561 3687 699 3796 bromme
744 3737 820 3810 ΙΙΜ)
841 3738 899 3794 Deo
916 3691 1020 3808 placent
1037 3737 1087 3808 pio

187 3852 245 3891 rum
258 3850 374 3906 ,opernm
398 3853 402 3874 ¹
427 3832 512 3907 ω·)
531 3834 621 3891 iehan.
641 3835 673 3890 i„
727 3831 771 3906 .†)
790 3833 952 3894 Exhortatio.
982 3871 985 3882 .
