2484 4320
377 217 562 304 Ecclesiastce
584 241 753 303 Salomonis.
783 249 788 255 ‘
830 244 831 256 ¹
910 263 912 267 ·
978 235 1051 312 97]

189 423 352 484 Videtur't
329 439 340 482 ι
339 422 529 511 taquemiiri,
551 421 745 486 Salomonem
765 418 827 484 hoo
842 421 924 484 ioco.
932 437 1021 500 prae·
1035 457 1062 520 s
1103 495 1106 500 ¹
1161 483 1168 499 ,

114 531 338 606 occupationem
370 523 484 602 iacere,
522 537 552 592 et
584 531 747 592 salutarem
778 521 1018 610 adhortationem

113 637 237 708 adens,
268 635 320 712 qui
347 635 377 695 iu
406 635 457 695 via
488 605 592 698 media
613 653 672 718 non
677 626 851 706 incedunt,
884 633 940 694 sed
968 624 1020 694 aut
1050 687 1053 692 .
1194 667 1202 679 ·

111 741 193 802 nimis
221 749 292 802 sunt
318 740 439 802 remissi
461 741 500 804 ad
521 740 674 820 laborem,
707 745 759 821 'aut
779 739 870 802 nimis
892 736 1027 808 solliciti,
1078 737 1081 748 '

111 848 216 939 quinus
248 842 463 924 consulit¹⁸')‚
490 841 529 916 {ut
566 847 739 926 permittant
767 863 802 907 sc
828 846 891 923 regi
910 843 1018 936 'verbo

110 953 172 1022 Dei,
192 959 222 1012 et
244 947 361 1013 interim
383 941 709 1028 dirigenter'taborent.

108 1115 283 1179 Observa
323 1091 458 1196 pedem
498 1125 606 1180 tuum
649 1133 760 1195 quum
793 1113 1017 1200 ingrederis
1090 1159 1124 1190 „‚

399 1223 582 1327 domum
602 1221 679 1285 Dei.

118 1430 120 1442 ,
181 1375 300 1438 Domus
321 1377 376 1438 Dei
398 1392 455 1439 seu
476 1375 668 1467 temptumo)
697 1306 865 1457 institutum
888 1383 1016 1446 estnon

111 1491 166 1562 turo
193 1489 320 1559 propter
344 1469 659 1564 sacrificaresquem'
681 1490 804 1561 propter
831 1481 1017 1561 praedicare,
1082 1561 1084 1567 Α
1150 1465 1152 1468 ’

18 1663 24 1682 Κ
108 1595 137 1648 ut
162 1586 203 1647 ibi
234 1595 405 1650 conventus
434 1591 539 1668 popuii
561 1590 615 1653 Dei
637 1589 736 1662 fieret,
765 1588 806 1652 ad
834 1587 1017 1650 audiendum

108 1693 229 1754 uerbum
253 1693 292 1754 de
314 1694 378 1756 Deo
402 1711 469 1768 suo,
492 1697 571 1757 sicut
593 1695 734 1773 princeps
758 1700 915 1758 convocat·
932 1679 1033 1763 suos,
1081 1709 1089 1718 ’
1153 1711 1157 1720 “

18 1799 19 1806 ’
49 1831 53 1838 -
107 1779 161 1862 non
183 1800 284 1895 sotum
306 1807 340 1861 ut
361 1801 452 1863 edant
473 1807 504 1862 et
524 1801 645 1873 bibant,¹
671 1801 728 1862 sed
751 1811 782 1887 ut
804 1800 928 1862 audiant
949 1815 1022 1896 ver-¹

106 1905 173 1966 bum
195 1921 287 1966 ειιιιιιι
310 1913 366 1966 etc.
409 1906 508 1980 Quare
536 1899 589 1968 tibi
618 1924 677 1968 non
706 1914 755 2000 est
781 1906 904 1968 auditus
931 1905 1035 1995 rerbi

106 2011 170 2084 Dei,
179 2010 234 2072 ibi
258 2019 388 2072 nonest
410 2018 578 2074 conventus
600 2013 704 2090 popuii
726 1987 796 2087 ner,
815 2011 884 2074 sive
905 2011 1017 2116 domus

19 2171 20 2174 ,
103 2115 163 2179 Dei.
206 2115 420 2194 Jubetergo'
449 2103 616 2180 observare
650 2119 761 2198 pedem
789 2117 1016 2212 potiusquam

105 2238 167 2294 cor,
188 2222 309 2315 seilicet
340 2240 378 2284 ne
400 2214 650 2297 scandalizentur,
672 2242 741 2286 curn
763 2225 889 2287 audiunt
908 2222 1028 2300 hujus?

104 2328 384 2392 modidoetrinam.
429 2330 514 2404 Vide,
535 2330 640 2412 lnquit,
662 2348 701 2395 ne
721 2347 814 2403 erres,
836 2347 904 2392 oum
927 2331 1016 2424 audis
1048 2317 1054 2329 ’
1085 2302 1091 2322 τ
1125 2355 1127 2360 ·
1155 2310 1157 2316 ’

104 2433 179 2496 hanc
206 2433 393 2507 doctrinam,
427 2435 507 2498 siout
534 2435 583 2498 iile
610 2437 743 2516 loquitur
777 2435 807 2496 in
834 2425 959 2504 Psalmo
968 2435 1016 2512 r)=
1121 2433 1124 2440 '

103 2541 199 2602 Paene
214 2541 289 2601 moti
311 2523 492 2618 sunt'pedes
514 2543 583 2603 mei.
609 2541 663 2616 ,Ad
685 2558 775 2604 omne
796 2541 875 2602 enirn
888 2538 1014 2607 verbum
1051 2579 1053 2584 ·

86 2631 163 2717 'Dei
184 2645 255 2706 sive
272 2651 381 2706 tractet
402 2644 442 2705 de
463 2661 541 2724 pace
556 2647 770 2728 conscientiae,
793 2648 861 2728 sive
882 2656 1015 2724 externa,
1090 2649 1092 2652 ’

19 2791 29 2806 ,
104 2752 240 2841 sequitur
268 2750 445 2814 scandalum
458 2751 512 2828 1),
540 2751 613 2830 quia
634 2758 682 2814 est
708 2753 847 2828 signum,
871 2753 919 2814 eui
942 2769 1015 2816 eon·
1044 2769 1055 2818 ·.

18 2841 19 2844 “
102 2855 263 2930 tradiditor,
284 2857 315 2916 in
337 2856 452 2936 ruinam
475 2863 506 2917 ot
525 2857 781 2922 resurrectionem
793 2843 1016 2938 multorum),
1046 2870 1057 2926 ,¹
1094 2869 1096 2873 ’
1126 2887 1130 2898 ·

101 2963 176 3024 sicut
206 2971 240 3023 et
266 2960 405 3029 Christus
435 2962 567 3040 dicito:
605 2962 720 3024 Beatus
754 2964 806 3041 qui
835 2981 894 3026 non
920 2965 1049 3041 tuerit,
1095 2991 1103 3006 ι
1199 2960 1211 2994 ''

102 3068 325 3165 scandalizatus
347 3068 375 3130 in
398 3085 456 3142 me,
492 3069 524 3129 Iu
546 3085 682 3132 summa:
704 3070 832 3132 verbum
853 3077 902 3150 est
924 3086 1014 3132 scan—
1081 3131 1083 3138 ,
1132 3053 1137 3071 ’

103 3175 203 3250 datum
224 3182 256 3237 et
276 3174 400 3237 stultitia
422 3174 555 3254 carnit).
595 3167 599 3181 '

94 3279 97 3294 '
179 3280 260 3342 Dicit
280 3282 399 3359 itaque:
422 3281 519 3343 Audis
542 3297 591 3342 me
607 3279 776 3351 docentem,
798 3281 852 3342 sed
878 3281 954 3369 vide,
977 3298 1032 3364 nel

101 3386 272 3460 offendaris,
286 3394 316 3448 et
331 3387 425 3449 iacias
442 3396 472 3451 te
489 3386 670 3471 scandalum
691 3387 753 3458 tibi,
775 3393 816 3462 ut,
838 3403 907 3448 cum
925 3387 1013 3448 audis
1109 3373 1112 3379 ’
1161 3405 1163 3412 ⁴

126 3638 201 3709 o)
222 3637 319 3692 Domus
336 3635 388 3690 Dei
406 3643 456 3692 ete
518 3637 549 3705 p)
567 3635 662 3691 Parim
680 3631 724 3687 711.
767 3614 813 3700 q)
831 3631 945 3686 Verbum
965 3633 1013 3686 Dei

101 3729 250 3787 scandulum
270 3741 317 3784 ert.
351 3729 382 3800 r)
403 3729 527 3784 Lucee2.
565 3729 594 3800 s)
613 3729 700 3783 narrt.
724 3728 762 3780 11
799 3729 868 3792 ι)1.
884 3725 1013 3839 Commi
1088 3742 1093 3750 ’

116 3815 221 3896 78)
241 3825 386 3881 consuluit
739 3873 743 3880 .
875 3889 877 3894 ¹

100 3918 261 3975 ιιιιιιιοι1οιιιι.
275 3931 335 3974 exet.
350 3917 473 3964 votxxt
563 3923 566 3934 ’
785 3907 806 3972 7
998 3935 1007 3968 ι
1060 3949 1066 3959 -
