2386 4316
203 245 267 317 280
547 252 638 330 capot
657 219 778 329 onnon
896 213 900 220 ι

206 433 262 509 Qui
290 427 449 495 annuntiat
474 432 602 495 verbum
631 449 722 496 suum
742 431 840 495 Jacob
861 439 918 494 eto.
959 427 1035 494 Non'
1049 433 1116 495 teoit

204 539 303 602 taliter
327 539 409 602 omni
430 538 553 600 nationi.
597 521 733 602 Verbum
754 539 838 628 enim¹
856 545 916 611 est,
946 538 1030 616 quod
1051 539 1119 616 pius

205 645 245 708 ob
276 644 377 722 impiis
404 643 557 708 disseruit.
611 644 669 709 Per
696 645 824 707 verbum
853 661 978 724 quoquo
1007 645 1054 718 fit,
1087 654 1116 706 ut

206 751 373 815 sentiamus
402 751 516 825 omnia,
544 769 625 831 quae
652 751 820 823 habemus,
852 751 921 813 sive
949 753 979 818 in
1009 752 1121 829 potina,

205 859 273 922 sivo
295 858 325 918 in
348 859 541 932 oeconomio,
570 876 642 922 esse
664 859 745 922 dona
765 857 821 920 Dei
844 864 874 920 ει
895 872 980 920 mera
1001 857 1118 919 divinae
1180 905 1181 928 ,

79 968 81 975 “
205 963 369 1026 volontatis
398 971 428 1026 et
454 964 568 1028 tavoris
590 980 664 1042 ergo
692 979 750 1027 nos
772 964 868 1042 signa.
911 964 1032 1040 Reliqui
1052 965 1118 1026 licet

205 1069 359 1134 abundent
386 1071 528 1134 omnibus
555 1071 660 1144 bonis,
688 1087 749 1132 non
776 1077 877 1132 tamon
898 1083 944 1132 'oa
965 1068 1046 1132 dona
1068 1070 1118 1131 Dei

136 1207 139 1216 ,
174 1231 176 1238 .
206 1191 278 1240 esse
299 1177 477 1254 intelligunt.
518 1176 584 1240 Non
606 1178 697 1254 igitur
720 1182 821 1254 potest
841 1174 915 1248 tisri,
940 1177 1013 1254 quin
1034 1176 1073 1238 iis
1092 1177 1118 1237 in

207 1301 295 1347 sumn
318 1283 480 1360 perniciem
505 1281 676 1344 abutuntur.
713 1263 717 1274 ¹

284 1600 437 1683 Ubern*)
469 1603 618 1681 pertinent
644 1603 685 1664 ad
705 1602 888 1675 donuinam,
916 1607 981 1680 qua
1002 1602 1116 1664 utuntur
1180 1581 1181 1598 ¹

206 1713 307 1786 animi,
331 1718 364 1774 ut
380 1709 434 1772 flat
450 1710 603 1787 perfectus
616 1708 710 1773 homo
732 1708 772 1770 ad
789 1724 880 1772 omno
900 1725 982 1788 opus
1000 1709 1116 1772 bonurn.

203 1819 278 1881 Eum
312 1823 470 1909 oompsmt
504 1814 589 1887 vino,
624 1815 673 1878 oui
706 1803 807 1878 ssoro‘
825 1815 980 1892 scriptum
1014 1816 1118 1888 tiibuit,

205 1925 289 2004 qnod
309 1923 451 1989 laetificet
472 1938 533 1984 oor.
576 1921 699 1985 Ponitur
719 1919 809 1998 igitur
831 1937 887 1999 por
913 1921 1118 2003 metaphoram

204 2029 308 2094 vinum
322 2025 381 2106 it)
405 2045 462 2107 pm
490 2027 756 2092 omnibusmundi
784 2026 902 2090 deliciis
929 2029 1116 2107 et'volupu-
1180 2017 1181 2042 ³

206 2136 294 2200 tibus.
328 2134 364 2198 Et
386 2140 434 2198 est
454 2131 533 2196 haec
554 2131 644 2212 quasi
660 2133 837 2195 excellentis
852 2128 925 2195 tidei
947 2150 1021 2208 vox,
1041 2136 1117 2213 quod

206 2241 292 2305 dioit:
328 2239 393 2320 Ego
415 2241 555 2318 praefero
583 2238 711 2302 verbum
737 2246 823 2303 tuum
841 2213 999 2304 omnibus
1021 2241 1118 2303 mundi

204 2347 422 2428 volupttibus,
443 2352 515 2410 sunt
528 2343 727 2408 enimomnio
747 2345 907 2410 referendo
929 2347 970 2410 od
985 2347 1115 2429 norton.

307 1449 385 1510 Tus
407 1448 527 1510 ubera
545 1446 785 1524 jucundiora
806 1455 900 1510 sunt
923 1445 1020 1536 nino.

251 2511 389 2578 Nomen
410 2513 508 2575 enim
530 2519 633 2576 tuum
655 2513 781 2598 oieunn
803 2513 978 2576 effusum
1000 2521 1070 2577 est.

158 2721 163 2728 „
286 2668 364 2732 Sunt
398 2667 488 2730 valdo
521 2666 728 2746 significantes
762 2667 880 2746 figurae
916 2675 947 2730 et
976 2669 1115 2748 insignes.

203 2775 318 2840 Nomen
334 2781 419 2838 tuum
429 2769 515 2851 Ἠιι),
527 2773 557 2836 id
573 2781 628 2847 ost,
651 2774 784 2854 cognitio
800 2776 844 2838 tui
855 2782 904 2838 est
917 2775 999 2838 siout
1012 2778 1115 2849 oleum,

202 2885 274 2942 nom
299 2878 397 2943 tundit
423 2879 550 2942 odorem
580 2888 699 2960 gratum
729 2888 759 2942 ot
788 2882 1002 2959 perverbum
1031 2883 1114 2944 iatius

203 2974 371 3065 sumsitm.'
407 2985 513 3066 Neque
540 2993 589 3050 ost
616 2984 678 3050 hoo
699 2986 880 3054 benennom
907 2987 996 3050 verbi
1016 2987 1048 3048 in
1068 3005 1114 3049 an·
1180 2979 1181 3002 ¹

204 3091 289 3170 gulo,
319 3091 374 3156 sed
397 3091 570 3172 invutgntm
589 3109 645 3172 pon
660 3100 759 3156 totam
782 3109 882 3156 meam
903 3093 1063 3169 ditionem,
1088 3103 1115 3156 et

204 3191 322 3278 sumsit
349 3179 475 3262 odoiem
504 3199 534 3260 in
562 3199 680 3264 vicinos
710 3216 836 3280 quoque
866 3199 1026 3278 populos‚-
1043 3201 1113 3263 siout
1180 3231 1181 3252 ι

160 3341 162 3348 -
203 3309 390 3383 unguentum
411 3303 552 3368 effusum.

285 3469 331 3532 Ut
351 3469 567 3546 odorentur
588 3473 733 3554 optima
753 3449 932 3536 bolsano
952 3480 1030 3540 tua.

271 3595 318 3687 xld
347 3631 409 3700 est,
437 3627 489 3690 nbi
517 3627 645 3691 verbum
672 3635 758 3696 tuum
785 3633 848 3704 est,
878 3628 925 3690 ibi
949 3631 1110 3694 sentiuntur
1180 3613 1181 3638 ¹

209 3777 418 3796 m

276 3847 307 3916 ⁶)
327 3805 433 3941 onero
480 3849 532 3917 uo
548 3849 653 3904 utnon.
710 3849 1010 3921 ”nnuma-vnn.
1058 3897 1064 3908 ,
