2308 4316
646 30 653 66 Ι
751 61 757 77 s

159 265 241 356 Ἦ
482 213 493 230 ¹
543 223 634 368 'Caput
653 291 770 370 mimum
844 335 849 344 .

196 467 304 552 putant
322 469 579 550 philosopnorum
604 471 708 534 studia
737 471 848 545 taxari,
876 469 991 550 quibus
1012 487 1098 532 rerum

197 577 323 642 naturas
355 587 386 640 et
406 593 520 642 causas
542 585 724 650 scrutantur,
745 578 834 657 quasi
856 576 917 640 hoc
940 579 1048 639 malum
1067 581 1100 640 sit

94 699 96 706 ’
196 691 229 748 et
238 683 458 763 inexplicabile.
481 684 542 746 Sed
557 701 617 746 non
635 681 850 761 estndluno)
872 685 1099 746 scrutariremn

170 800 322 858 ,naturas
343 799 374 854 et
396 791 609 869 proprietatos.
653 790 768 853 Deinde
789 798 819 852 et
839 806 958 854 causae
973 784 1039 852 'sivo
1057 807 1099 852 res

196 898 299 962 urrmdi
321 904 393 961 sunl
414 896 549 960 omnium
570 896 855 974 manifestissimae,
878 903 995 960 tantum
1016 896 1099 969 abest

135 1079 136 1085 ἵ
195 1001 482 1071 ulsinldilllcilcs..
559 1009 573 1052 ·'

205 1138 210 1172 z
277 1109 333 1173 Eat
354 1117 428 1186 ergo
456 1107 537 1172 lianc
563 1106 774 1186 sententiar),
811 1124 847 1171 se
882 1107 1006 1186 quidem
1037 1109 1101 1170 velle

196 1217 298 1282 dicero
327 1216 367 1278 de
396 1214 529 1278 vanitate
556 1213 705 1284 humana,
740 1207 879 1276 sed'tum
902 1201 1012 1276 multas
1033 1230 1101 1285 esse,

195 1317 386 1404 lamque¹⁴)
411 1337 539 1400 magnas
561 1321 629 1382 illas
650 1307 817 1392 vanitates,
839 1328 871 1382 ut
891 1327 979 1398 putet
998 1335 1032 1380 se
1052 1337 1101 1381 non

146 1423 150 1432 '
196 1433 273 1494 satis
294 1428 443 1510 possode
463 1427 514 1491 his
535 1427 645 1490 dicere.
687 1423 753 1486 Non
766 1431 871 1503 potest
890 1426 1023 1504 (inquit)
1045 1425 1101 1492 dici.

124 1583 128 1594 .
197 1543 311 1616 quauta
327 1534 367 1598 sit
380 1535 501 1598 vanitas
522 1531 689 1603 hominurn,
710 1532 794 1610 quod
816 1539 848 1594 et
866 1531 993 1594 Persius
1012 1534 1100 1594 excla·
1134 1599 1144 1640 Ὗ

197 1650 272 1704 mat:
294 1640 490 1720 liquantum
510 1641 610 1704 estin
631 1640 725 1702 rebus
746 1637 847 1700 inane.
889 1637 926 1700 llt
947 1639 1039 1710 alius,
1058 1649 1100 1700 ne·
1143 1645 1144 1662 ¹

196 1767 248 1812 mo
270 1748 345 1810 vivit
366 1764 425 1809 sua
445 1755 528 1810 sorte
550 1752 726 1818 contentus,
754 1751 785 1806 et
805 1744 882 1807 intra
900 1746 1046 1808 ladonam
1065 1744 1100 1804 di·

170 1855 269 1934 ,dloit
308 1869 398 1918 nemo
439 1867 565 1914 manere
594 1869 694 1914 suam.
743 1850 849 1915 Latius
877 1859 962 1929 patet
988 1850 1099 1920 vanius,

135 1957 152 2034 ζ
197 1977 291 2040 qaam
326 1968 362 2022 ut
396 1975 451 2038 par
484 1959 587 2022 omnia
607 1957 743 2036 ¹negotia
776 1957 934 2020 hominum
964 1929 1099 2018 recenseri

58 2050 61 2058 “
197 2068 308 2145 possit.
348 2065 446 2128 Parce
473 2083 546 2144 ergo
574 2065 712 2128 dicturus
740 2080 810 2127 sum
842 2062 881 2125 de
909 2062 1053 2136 vanitate,
1078 2061 1099 2123 si

196 2175 241 2236 rei
262 2172 502 2251 magnitudinem
523 2178 657 2249 spectes.
691 2162 789 2233 Tanta
810 2169 893 2233 enirn
915 2176 965 2232 est
986 2149 1099 2242 vanitas,

197 2285 232 2342 ιιι
263 2295 324 2344 non
364 2277 482 2358 possim
520 2278 581 2340 ullo
613 2293 756 2340 sermone
798 2276 944 2356 assequi,
979 2291 1027 2338 ras
1060 2283 1100 2336 est

199 2385 314 2469 major,
336 2389 429 2464 quam
451 2391 485 2447 ιιι
503 2383 626 2463 possint
647 2384 688 2447 illi
710 2399 840 2462 capere,
869 2383 918 2446 vel
940 2399 998 2460 ago
1018 2383 1098 2460 expl-

85 2533 91 2541 κ
199 2508 288 2565 caro,
318 2493 351 2556 ιι
378 2489 412 2571 ιιι
439 2486 706 2572 protopanton
733 2489 800 2556 olel.
841 2489 972 2552 Difficile
991 2497 1037 2551 est
1056 2506 1099 2549 a·
1142 2517 1143 2576 3

166 2581 169 2589 ¹
197 2599 336 2662 rietatem
354 2595 556 2658 humanarum
570 2597 768 2674 cupiditatum
791 2604 821 2658 et
841 2603 1006 2658 conatuum
1026 2611 1099 2656 cnar-
1142 2609 1143 2668 ι

197 2703 377 2783 ιιιιιιιιιιίἀ
392 2700 496 2764 Julius
518 2703 733 2781 copiacopia
755 2701 940 2774 Alexander,
963 2701 1034 2780 quid
1053 2702 1098 2762 Sa·
1142 2681 1143 2692 ³

197 2816 295 2885 rouo,
317 2809 391 2890 quid
413 2807 503 2881 Galo,
524 2808 597 2887 quid
619 2808 739 2887 Scipio,
761 2809 834 2888 quid
855 2807 1026 2887 Pompeius.
1057 2809 1098 2866 Al·

199 2921 297 2984 ieotus
319 2931 444 2993 semper
464 2921 536 2977 sunt
556 2895 755 2992 majoresu),
777 2931 880 2998 quamv
890 2922 1022 2992 possunt
1040 2928 1098 2973 esse

198 3025 303 3089 verbu.
345 3022 459 3085 Probat
479 3025 580 3102 autom
602 3021 744 3098 exemplo
766 3021 850 3099 quod
872 3021 956 3083 dixit.

200 3153 279 3270 Non
302 3179 510 3237 saturatur
539 3173 677 3234 oculus
699 3171 887 3245 videndo,
914 3188 984 3234 nec
1006 3171 1096 3234 auris

558 3277 763 3342 audiendo

281 3385 315 3448 ld
331 3392 387 3458 cst,
407 3384 501 3450 homo
514 3383 609 3449 habet
623 3386 729 3448 oculos
752 3391 782 3448 el
802 3399 915 3448 sensus
926 3382 1095 3464 irrequietos,

218 3561 253 3584 Μ
272 3551 541 3654 onerosissimum
565 3592 593 3636 et
620 3547 714 3636 causas
740 3581 852 3636 scrutari
878 3597 931 3636 uun
950 3545 992 3636 est
1007 3543 1094 3634 malon.
1141 3545 1142 3614 ι

204 3681 288 3737 188οι
318 3679 504 3748 Philosophiae
525 3679 645 3734 alodium
658 3695 711 3732 oon
738 3677 883 3730 damnatur.
939 3677 970 3745 p)
988 3673 1096 3729 Germana

203 3773 290 3844 hujus
300 3773 354 3828 loci
370 3775 512 3830 aenlmia.
564 3776 594 3844 q)
612 3773 729 3828 Affectus
746 3771 861 3841 maiam
878 3767 988 3826 verbu?

213 3907 215 3916 ·
276 3866 322 3936 tt)
339 3871 399 3924 tam.
847 3901 869 3913 ,,
947 3895 950 3902 .
