2386 4316
231 245 261 256 ““
302 291 304 296 .
383 243 493 308 Cantici
513 214 706 338 Caniooruml
767 227 770 238 '
926 235 987 304 321

70 491 219 573 (lapilli
252 491 308 556 tui
340 493 446 558 sicut
465 508 615 573 ‚greges
636 489 859 572 caprarum,
888 508 987 573 quae

209 606 354 664 tonsae
375 597 467 684 siunt
483 600 520 663 in
542 605 674 663 moute
697 598 867 668 Gulcod„

155 777 300 842 Fortasse
312 777 416 840 alludit
437 777 476 840 ud
497 778 598 868 locum
615 773 769 852 Gene3l.‚
791 775 874 855 quod
895 773 986 837 Iacob
1025 799 1032 808 ·
1138 747 1139 754 ἵ

69 897 142 944 cum
178 883 323 960 gregibus
344 884 410 948 suis
436 883 467 946 io
489 878 655 968 uolendi)
680 864 884 962 pernoctavit,
917 897 986 942 oum
1020 887 1023 894 ⁴

69 987 186 1053 rediret
218 1003 259 1050 ex
289 989 527 1088 Mesopotamim
559 1003 746 1067 quamquam
779 984 868 1068 mihi
884 986 996 1064 aptius·

69 1094 201 1168 videtur,
221 1096 310 1173 quod·
326 1096 450 1174 respicit
472 1097 510 1159 od
532 1111 641 1159 nomen
663 1094 785 1158 montis.
830 1090 987 1169 Significat

68 1207 174 1262 nutem
195 1201 348 1265 cumulum
364 1201 536 1264 testimonii.
563 1199 764 1264 Hoouomioe
786 1198 825 1260 ud
840 1198 985 1276 templum

67 1305 185 1380 alludit,
206 1306 259 1369 ubi
281 1306 431 1370 sooducia
453 1315 484 1369 et
500 1308 600 1371 cultus
621 1305 734 1368 coeteri
757 1305 984 1368 exercebantur.

113 1461 116 1467 .
152 1410 219 1475 Non
246 1411 423 1492 simpliciter
438 1419 607 1498 ¹compuliut
635 1412 777 1492 capillum
792 1405 851 1490 Μ)
883 1395 984 1488 copiis

66 1515 127 1578 sed
155 1517 240 1596 gregi
262 1533 440 1598 caprorum,
473 1519 513 1581 od
534 1517 766 1606 significandum
791 1515 984 1578 concordiam

65 1630 99 1684 et
120 1623 305 1686 consensum
325 1640 447 1700 eorum,
480 1626 533 1705 qui
561 1627 593 1688 iu
613 1625 728 1703 populo
749 1623 870 1686 docent.
910 1617 983 1682 Ideo

65 1728 164 1791 etiam
183 1729 318 1793 nominat
339 1731 446 1794 tonsas
468 1711 586 1810 capros,
606 1746 667 1792 non
689 1729 896 1809 quodtonsae
915 1727 984 1799 sint,

63 1833 125 1898 sed
148 1835 231 1915 quod
247 1835 348 1916 capilli
368 1836 411 1902 itc
431 1851 526 1917 poree
546 1835 615 1911 sint,
637 1851 675 1900 ec
695 1834 723 1900 ei
743 1836 816 1916 pexi
837 1841 950 1898 essent.

62 2020 215 2088 Dentes
236 2025 297 2090 tui
317 2025 425 2090 siout
448 2041 601 2104 greges
632 2031 850 2100 tonsarum,
882 2037 984 2102 quac

283 2131 504 2196 ascendunt
524 2130 570 2194 dc
591 2132 767 2194 lavacro.
870 2137 888 2196 ,·

149 2283 182 2345 lu
218 2283 360 2348 dentibus
376 2280 455 2364 *iil
486 2285 618 2358 candor,
657 2285 688 2346 in
727 2283 825 2349 oculis
854 2283 980 2362 nigredo

66 2389 314 2464 commendatur,
335 2391 415 2453 siout
435 2391 529 2454 scitis.
572 2390 658 2453 Sicut
679 2396 780 2454 antem
802 2391 978 2470 ca'plllorum

65 2493 235 2560 similitudo
256 2495 388 2558 ostendit
416 2512 601 2560 consensum
623 2495 780 2559 doctorum
802 2497 879 2559 inter
900 2511 980 2571 sese,
1045 2501 1049 2518 ‘

66 2600 110 2664 ita
133 2601 225 2665 etiam
246 2601 354 2664 dentes
373 2602 513 2665 videmus
541 2603 571 2664 io
593 2602 730 2665 ordinem
751 2601 870 2680 positos
899 2617 979 2677 esse,

64 2712 97 2768 ct
127 2707 220 2788 quasi
248 2714 353 2772 mutuo
384 2723 456 2772 seso
473 2707 590 2786 juvare.
633 2706 688 2772 liet
715 2715 815 2773 autem
844 2709 978 2772 dentium
1099 2797 1103 2808 Ι

65 2812 215 2877 mordere.
632 2867 636 2886 .

149 2919 184 2981 ld
212 2919 241 2981 in
270 2919 393 2984 doctore
422 2921 512 2983 etiam
540 2919 719 2999 requiritur,
747 2927 781 2982 ut
807 2921 848 2983 sit
868 2927 978 2999 potens

66 3023 107 3085 od
126 3025 315 3102 urguendum
335 3034 365 3088 et
385 3026 634 3091 convincendum.
676 3024 774 3087 Debet
795 3033 895 3089 nutem
917 3027 978 3089 hoo

64 3129 112 3192 sic
139 3129 219 3204 fleri,
246 3139 280 3194 ut
300 3138 400 3196 tumeo
420 3133 527 3197 dentes
550 3134 611 3196 sint
632 3127 880 3214 cadumim),
915 3131 976 3195 hoo

64 3242 128 3310 est,
150 3236 242 3300 debet
262 3237 328 3300 fieri
350 3240 413 3302 sine
435 3241 648 3314 amarulenta,
671 3237 738 3302 siue
760 3237 925 3301 acerbitate
946 3245 976 3299 ct

65 3341 146 3412 odio.
168 3350 202 3404 ut
222 3344 407 3418 emendatio.
435 3362 495 3408 nou
517 3347 650 3408 vindicte
672 3353 843 3424 quaeratur.
885 3343 975 3407 Tales
1051 3343 1056 3400 ’.

64 3448 217 3556 doctores¹
237 3448 342 3529 inquit,
363 3449 454 3513 hobel
474 3451 535 3515 hoc
555 3469 690 3530 reguum.
799 3507 802 3524 ,

69 3614 267 3632 m

119 3729 151 3801 *)
166 3721 277 3788 fflffll·
334 3731 384 3805 ”)
402 3730 553 3792 Similitudo
572 3733 735 3804 capillorum.
782 3733 850 3806 m)
869 3733 975 3792 Dentes.

63 3824 152 3896 ⁸⁶⁸⁶)
171 3826 271 3884 ilerum
289 3827 404 3887 condidi.
941 3852 944 3858 ·

66 3972 68 3977 ¹
88 3917 184 3964 tumen
197 3918 255 3978 tipo.
269 3931 330 3980 ung.
343 3921 393 3966 Vol.
406 3921 462 3966 xxi.
724 3913 764 3984 21
840 3987 845 4000 .
