<?xml version="1.0" encoding="UTF-8"?>
<!DOCTYPE html PUBLIC "-//W3C//DTD XHTML 1.0 Transitional//EN"
    "http://www.w3.org/TR/xhtml1/DTD/xhtml1-transitional.dtd">
<html xmlns="http://www.w3.org/1999/xhtml" xml:lang="en" lang="en">
 <head>
  <title>
</title>
<meta http-equiv="Content-Type" content="text/html;charset=utf-8" />
  <meta name='ocr-system' content='tesseract 3.04.00' />
  <meta name='ocr-capabilities' content='ocr_page ocr_carea ocr_par ocr_line ocrx_word'/>
</head>
<body>
  <div class='ocr_page' id='page_1' title='image "./exegeticaoperal07luthgoog_0076.png"; bbox 0 0 2308 4316; ppageno 0'>
   <div class='ocr_carea' id='block_1_1' title="bbox 296 243 940 344">
    <p class='ocr_par' dir='ltr' id='par_1_1' title="bbox 296 243 940 344">
     <span class='ocr_line' id='line_1_1' title="bbox 296 243 940 344; baseline -0.002 -28"><span class='ocrx_word' id='word_1_1' title='bbox 296 251 480 318; x_wconf 53' lang='lat' dir='ltr'>Euelpistus</span> <span class='ocrx_word' id='word_1_2' title='bbox 501 249 673 318; x_wconf 70' lang='lat' dir='ltr'>sunnonis.</span> <span class='ocrx_word' id='word_1_3' title='bbox 881 243 940 344; x_wconf 22' lang='lat' dir='ltr'>&#39;id</span> 
     </span>
    </p>
   </div>
   <div class='ocr_carea' id='block_1_2' title="bbox 1 409 1025 2110">
    <p class='ocr_par' dir='ltr' id='par_1_2' title="bbox 1 409 1025 2110">
     <span class='ocr_line' id='line_1_2' title="bbox 42 409 940 516; baseline -0.002 -18"><span class='ocrx_word' id='word_1_4' title='bbox 42 434 254 516; x_wconf 78' lang='lat' dir='ltr'>praesentibus,</span> <span class='ocrx_word' id='word_1_5' title='bbox 274 436 390 514; x_wconf 85' lang='lat' dir='ltr'>probat</span> <span class='ocrx_word' id='word_1_6' title='bbox 434 436 511 514; x_wconf 84' lang='lat' dir='ltr'>Quia</span> <span class='ocrx_word' id='word_1_7' title='bbox 530 435 621 500; x_wconf 84' lang='lat' dir='ltr'>datur</span> <span class='ocrx_word' id='word_1_8' title='bbox 640 433 730 498; x_wconf 86' lang='lat' dir='ltr'>nuliis</span> <span class='ocrx_word' id='word_1_9' title='bbox 751 409 940 511; x_wconf 82' lang='lat' dir='ltr'>praecedeu-</span> 
     </span>
     <span class='ocr_line' id='line_1_3' title="bbox 42 539 939 622; baseline -0.006 -17"><span class='ocrx_word' id='word_1_10' title='bbox 42 543 113 606; x_wconf 86' lang='lat' dir='ltr'>tibus</span> <span class='ocrx_word' id='word_1_11' title='bbox 132 540 245 604; x_wconf 87' lang='lat' dir='ltr'>neritis</span> <span class='ocrx_word' id='word_1_12' title='bbox 259 539 381 616; x_wconf 87' lang='lat' dir='ltr'>homini,</span> <span class='ocrx_word' id='word_1_13' title='bbox 402 544 455 622; x_wconf 89' lang='lat' dir='ltr'>qui</span> <span class='ocrx_word' id='word_1_14' title='bbox 475 543 541 606; x_wconf 83' lang='lat' dir='ltr'>Deo</span> <span class='ocrx_word' id='word_1_15' title='bbox 560 543 667 620; x_wconf 86' lang='lat' dir='ltr'>piacet.</span> <span class='ocrx_word' id='word_1_16' title='bbox 710 539 821 602; x_wconf 77' lang='lat' dir='ltr'>Dividit</span> <span class='ocrx_word' id='word_1_17' title='bbox 836 545 939 601; x_wconf 82' lang='lat' dir='ltr'>arrtem</span> 
     </span>
     <span class='ocr_line' id='line_1_4' title="bbox 42 645 983 729; baseline -0.002 -19"><span class='ocrx_word' id='word_1_18' title='bbox 42 648 170 712; x_wconf 87' lang='lat' dir='ltr'>muudum</span> <span class='ocrx_word' id='word_1_19' title='bbox 191 647 223 729; x_wconf 88' lang='lat' dir='ltr'>in</span> <span class='ocrx_word' id='word_1_20' title='bbox 244 649 314 726; x_wconf 85' lang='lat' dir='ltr'>pios</span> <span class='ocrx_word' id='word_1_21' title='bbox 334 654 366 712; x_wconf 87' lang='lat' dir='ltr'>et</span> <span class='ocrx_word' id='word_1_22' title='bbox 384 647 505 728; x_wconf 88' lang='lat' dir='ltr'>impios.</span> <span class='ocrx_word' id='word_1_23' title='bbox 547 647 610 712; x_wconf 89' lang='lat' dir='ltr'>Piis</span> <span class='ocrx_word' id='word_1_24' title='bbox 627 653 747 726; x_wconf 83' lang='lat' dir='ltr'>practer</span> <span class='ocrx_word' id='word_1_25' title='bbox 768 645 848 717; x_wconf 86' lang='lat' dir='ltr'>dona</span> <span class='ocrx_word' id='word_1_26' title='bbox 869 645 938 708; x_wconf 84' lang='lat' dir='ltr'>aliis</span> <span class='ocrx_word' id='word_1_27' title='bbox 982 662 983 672; x_wconf 54' lang='lat'>¹</span> 
     </span>
     <span class='ocr_line' id='line_1_5' title="bbox 41 751 938 834; baseline -0.007 -16"><span class='ocrx_word' id='word_1_28' title='bbox 41 753 212 827; x_wconf 85' lang='lat' dir='ltr'>communia,</span> <span class='ocrx_word' id='word_1_29' title='bbox 241 753 373 816; x_wconf 85' lang='lat' dir='ltr'>maxime</span> <span class='ocrx_word' id='word_1_30' title='bbox 394 755 576 834; x_wconf 78' lang='lat' dir='ltr'>sapientiam</span> <span class='ocrx_word' id='word_1_31' title='bbox 597 763 628 817; x_wconf 86' lang='lat' dir='ltr'>et</span> <span class='ocrx_word' id='word_1_32' title='bbox 649 753 855 832; x_wconf 78' lang='lat' dir='ltr'>prudentiam,</span> <span class='ocrx_word' id='word_1_33' title='bbox 883 751 938 813; x_wconf 85' lang='lat' dir='ltr'>ad-</span> 
     </span>
     <span class='ocr_line' id='line_1_6' title="bbox 40 857 939 941; baseline -0.006 -19"><span class='ocrx_word' id='word_1_34' title='bbox 40 862 107 923; x_wconf 87' lang='lat' dir='ltr'>ditur</span> <span class='ocrx_word' id='word_1_35' title='bbox 126 860 217 921; x_wconf 88' lang='lat' dir='ltr'>etiam</span> <span class='ocrx_word' id='word_1_36' title='bbox 238 861 361 934; x_wconf 82' lang='lat' dir='ltr'>laetitia,</span> <span class='ocrx_word' id='word_1_37' title='bbox 382 862 457 940; x_wconf 87' lang='lat' dir='ltr'>quia</span> <span class='ocrx_word' id='word_1_38' title='bbox 477 869 548 924; x_wconf 87' lang='lat' dir='ltr'>sunt</span> <span class='ocrx_word' id='word_1_39' title='bbox 563 859 776 941; x_wconf 86' lang='lat' dir='ltr'>praesentibus</span> <span class='ocrx_word' id='word_1_40' title='bbox 798 857 939 931; x_wconf 85' lang='lat' dir='ltr'>contenti,</span> 
     </span>
     <span class='ocr_line' id='line_1_7' title="bbox 41 947 940 1046; baseline -0.004 -16"><span class='ocrx_word' id='word_1_41' title='bbox 41 947 89 1030; x_wconf 82' lang='lat' dir='ltr'>non</span> <span class='ocrx_word' id='word_1_42' title='bbox 119 973 270 1028; x_wconf 84' lang='lat' dir='ltr'>vexantur</span> <span class='ocrx_word' id='word_1_43' title='bbox 305 967 540 1045; x_wconf 84' lang='lat' dir='ltr'>cogitationibus</span> <span class='ocrx_word' id='word_1_44' title='bbox 575 974 605 1030; x_wconf 88' lang='lat' dir='ltr'>et</span> <span class='ocrx_word' id='word_1_45' title='bbox 639 963 874 1046; x_wconf 82' lang='lat' dir='ltr'>cupiditatibus,</span> <span class='ocrx_word' id='word_1_46' title='bbox 906 970 940 1026; x_wconf 82' lang='lat' dir='ltr'>ut</span> 
     </span>
     <span class='ocr_line' id='line_1_8' title="bbox 39 1070 937 1153; baseline -0.004 -19"><span class='ocrx_word' id='word_1_47' title='bbox 39 1073 117 1151; x_wconf 89' lang='lat' dir='ltr'>impii.</span> <span class='ocrx_word' id='word_1_48' title='bbox 159 1073 247 1148; x_wconf 83' lang='lat' dir='ltr'>Quod</span> <span class='ocrx_word' id='word_1_49' title='bbox 268 1083 457 1150; x_wconf 82' lang='lat' dir='ltr'>cognoscunt</span> <span class='ocrx_word' id='word_1_50' title='bbox 478 1081 507 1136; x_wconf 87' lang='lat' dir='ltr'>et</span> <span class='ocrx_word' id='word_1_51' title='bbox 520 1074 676 1153; x_wconf 85' lang='lat' dir='ltr'>sapientes</span> <span class='ocrx_word' id='word_1_52' title='bbox 697 1078 768 1134; x_wconf 87' lang='lat' dir='ltr'>sunt</span> <span class='ocrx_word' id='word_1_53' title='bbox 789 1071 819 1133; x_wconf 91' lang='lat' dir='ltr'>in</span> <span class='ocrx_word' id='word_1_54' title='bbox 841 1070 937 1132; x_wconf 87' lang='lat' dir='ltr'>admi-</span> 
     </span>
     <span class='ocr_line' id='line_1_9' title="bbox 39 1178 937 1257; baseline -0.004 -15"><span class='ocrx_word' id='word_1_55' title='bbox 39 1178 186 1243; x_wconf 86' lang='lat' dir='ltr'>nistrandis</span> <span class='ocrx_word' id='word_1_56' title='bbox 206 1179 302 1240; x_wconf 88' lang='lat' dir='ltr'>rebus</span> <span class='ocrx_word' id='word_1_57' title='bbox 325 1187 381 1242; x_wconf 84' lang='lat' dir='ltr'>etc</span> <span class='ocrx_word' id='word_1_58' title='bbox 402 1181 434 1242; x_wconf 91' lang='lat' dir='ltr'>in</span> <span class='ocrx_word' id='word_1_59' title='bbox 454 1180 567 1243; x_wconf 86' lang='lat' dir='ltr'>laetitia</span> <span class='ocrx_word' id='word_1_60' title='bbox 588 1186 618 1240; x_wconf 89' lang='lat' dir='ltr'>et</span> <span class='ocrx_word' id='word_1_61' title='bbox 640 1193 716 1257; x_wconf 86' lang='lat' dir='ltr'>pace</span> <span class='ocrx_word' id='word_1_62' title='bbox 737 1183 937 1254; x_wconf 80' lang='lat' dir='ltr'>cognoscunt.</span> 
     </span>
     <span class='ocr_line' id='line_1_10' title="bbox 39 1283 1025 1363; baseline -0.004 -15"><span class='ocrx_word' id='word_1_63' title='bbox 39 1286 111 1363; x_wconf 90' lang='lat' dir='ltr'>impii</span> <span class='ocrx_word' id='word_1_64' title='bbox 132 1300 205 1346; x_wconf 81' lang='lat' dir='ltr'>vero</span> <span class='ocrx_word' id='word_1_65' title='bbox 227 1283 343 1346; x_wconf 87' lang='lat' dir='ltr'>habent</span> <span class='ocrx_word' id='word_1_66' title='bbox 361 1284 562 1359; x_wconf 86' lang='lat' dir='ltr'>afflictionem,</span> <span class='ocrx_word' id='word_1_67' title='bbox 583 1293 617 1346; x_wconf 91' lang='lat' dir='ltr'>ut</span> <span class='ocrx_word' id='word_1_68' title='bbox 631 1301 753 1363; x_wconf 87' lang='lat' dir='ltr'>semper</span> <span class='ocrx_word' id='word_1_69' title='bbox 774 1285 863 1362; x_wconf 87' lang='lat' dir='ltr'>plura</span> <span class='ocrx_word' id='word_1_70' title='bbox 883 1283 938 1346; x_wconf 90' lang='lat' dir='ltr'>ad·</span> <span class='ocrx_word' id='word_1_71' title='bbox 1023 1317 1025 1322; x_wconf 82' lang='lat'><em>.</em></span> 
     </span>
     <span class='ocr_line' id='line_1_11' title="bbox 33 1369 956 1471; baseline 0.002 -17"><span class='ocrx_word' id='word_1_72' title='bbox 33 1394 99 1454; x_wconf 79' lang='lat' dir='ltr'>&#39;dant</span> <span class='ocrx_word' id='word_1_73' title='bbox 113 1397 141 1454; x_wconf 88' lang='lat' dir='ltr'>et</span> <span class='ocrx_word' id='word_1_74' title='bbox 151 1397 339 1469; x_wconf 81' lang='lat' dir='ltr'>congregent</span> <span class='ocrx_word' id='word_1_75' title='bbox 351 1388 380 1470; x_wconf 80' lang='lat' dir='ltr'>f)</span> <span class='ocrx_word' id='word_1_76' title='bbox 400 1369 435 1454; x_wconf 79' lang='lat' dir='ltr'>et</span> <span class='ocrx_word' id='word_1_77' title='bbox 444 1407 599 1471; x_wconf 86' lang='lat' dir='ltr'>nunquam</span> <span class='ocrx_word' id='word_1_78' title='bbox 614 1391 800 1469; x_wconf 79' lang='lat' dir='ltr'>expieantur.</span> <span class='ocrx_word' id='word_1_79' title='bbox 823 1388 938 1452; x_wconf 78' lang='lat' dir='ltr'>Deinde</span> <span class='ocrx_word' id='word_1_80' title='bbox 954 1449 956 1456; x_wconf 16' lang='grc' dir='ltr'><em>Α</em></span> 
     </span>
     <span class='ocr_line' id='line_1_12' title="bbox 40 1497 1018 1576; baseline -0.002 -16"><span class='ocrx_word' id='word_1_81' title='bbox 40 1498 142 1560; x_wconf 86' lang='lat' dir='ltr'>etiamsi</span> <span class='ocrx_word' id='word_1_82' title='bbox 162 1497 280 1559; x_wconf 88' lang='lat' dir='ltr'>habent</span> <span class='ocrx_word' id='word_1_83' title='bbox 300 1498 483 1576; x_wconf 82' lang='lat' dir='ltr'>sapientiam</span> <span class='ocrx_word' id='word_1_84' title='bbox 504 1516 541 1561; x_wconf 85' lang='lat' dir='ltr'>ac</span> <span class='ocrx_word' id='word_1_85' title='bbox 561 1498 749 1570; x_wconf 85' lang='lat' dir='ltr'>industriam,</span> <span class='ocrx_word' id='word_1_86' title='bbox 769 1503 870 1559; x_wconf 85' lang='lat' dir='ltr'>tamen</span> <span class='ocrx_word' id='word_1_87' title='bbox 891 1497 938 1559; x_wconf 80' lang='lat' dir='ltr'>sic</span> <span class='ocrx_word' id='word_1_88' title='bbox 1013 1557 1018 1570; x_wconf 81' lang='grc'><em>,</em></span> 
     </span>
     <span class='ocr_line' id='line_1_13' title="bbox 39 1603 937 1684; baseline 0.002 -20"><span class='ocrx_word' id='word_1_89' title='bbox 39 1603 168 1666; x_wconf 86' lang='lat' dir='ltr'>molestiis</span> <span class='ocrx_word' id='word_1_90' title='bbox 183 1604 320 1677; x_wconf 81' lang='lat' dir='ltr'>mixtam,</span> <span class='ocrx_word' id='word_1_91' title='bbox 343 1610 377 1667; x_wconf 88' lang='lat' dir='ltr'>ut</span> <span class='ocrx_word' id='word_1_92' title='bbox 397 1605 495 1684; x_wconf 71' lang='lat' dir='ltr'>magis</span> <span class='ocrx_word' id='word_1_93' title='bbox 517 1605 578 1668; x_wconf 85' lang='lat' dir='ltr'>sint</span> <span class='ocrx_word' id='word_1_94' title='bbox 598 1604 645 1666; x_wconf 80' lang='lat' dir='ltr'>eis</span> <span class='ocrx_word' id='word_1_95' title='bbox 666 1619 794 1682; x_wconf 80' lang='lat' dir='ltr'>poenae,</span> <span class='ocrx_word' id='word_1_96' title='bbox 814 1609 849 1665; x_wconf 90' lang='lat' dir='ltr'>ut</span> <span class='ocrx_word' id='word_1_97' title='bbox 869 1603 937 1666; x_wconf 90' lang='lat' dir='ltr'>suis</span> 
     </span>
     <span class='ocr_line' id='line_1_14' title="bbox 1 1709 946 1786; baseline 0.001 -16"><span class='ocrx_word' id='word_1_98' title='bbox 1 1711 2 1716; x_wconf 77' lang='grc'>’</span> <span class='ocrx_word' id='word_1_99' title='bbox 39 1709 178 1773; x_wconf 78' lang='lat' dir='ltr'>labon‘bus</span> <span class='ocrx_word' id='word_1_100' title='bbox 194 1727 258 1774; x_wconf 88' lang='lat' dir='ltr'>unu</span> <span class='ocrx_word' id='word_1_101' title='bbox 270 1711 413 1786; x_wconf 82' lang='lat' dir='ltr'>fruantur,</span> <span class='ocrx_word' id='word_1_102' title='bbox 433 1719 467 1776; x_wconf 86' lang='lat' dir='ltr'>ut</span> <span class='ocrx_word' id='word_1_103' title='bbox 481 1713 590 1785; x_wconf 85' lang='lat' dir='ltr'>colant,</span> <span class='ocrx_word' id='word_1_104' title='bbox 612 1709 946 1783; x_wconf 69' lang='lat' dir='ltr'>communicativae</span> 
     </span>
     <span class='ocr_line' id='line_1_15' title="bbox 39 1817 937 1896; baseline 0 -18"><span class='ocrx_word' id='word_1_105' title='bbox 39 1818 170 1890; x_wconf 82' lang='lat' dir='ltr'>truantur,</span> <span class='ocrx_word' id='word_1_106' title='bbox 212 1823 244 1878; x_wconf 86' lang='lat' dir='ltr'>at</span> <span class='ocrx_word' id='word_1_107' title='bbox 275 1817 418 1895; x_wconf 79' lang='lat' dir='ltr'>gaudium</span> <span class='ocrx_word' id='word_1_108' title='bbox 452 1835 492 1882; x_wconf 85' lang='lat' dir='ltr'>cx</span> <span class='ocrx_word' id='word_1_109' title='bbox 526 1817 584 1880; x_wconf 86' lang='lat' dir='ltr'>iitis</span> <span class='ocrx_word' id='word_1_110' title='bbox 617 1817 793 1896; x_wconf 87' lang='lat' dir='ltr'>percipiant</span> <span class='ocrx_word' id='word_1_111' title='bbox 850 1817 937 1892; x_wconf 80' lang='lat' dir='ltr'>Quae</span> 
     </span>
     <span class='ocr_line' id='line_1_16' title="bbox 39 1907 936 2002; baseline 0 -18"><span class='ocrx_word' id='word_1_112' title='bbox 39 1923 107 2002; x_wconf 89' lang='lat' dir='ltr'>impii</span> <span class='ocrx_word' id='word_1_113' title='bbox 125 1907 267 1986; x_wconf 81' lang='lat' dir='ltr'>laborant</span> <span class='ocrx_word' id='word_1_114' title='bbox 286 1931 318 1986; x_wconf 88' lang='lat' dir='ltr'>et</span> <span class='ocrx_word' id='word_1_115' title='bbox 339 1923 512 1997; x_wconf 82' lang='lat' dir='ltr'>aedificant,</span> <span class='ocrx_word' id='word_1_116' title='bbox 535 1939 628 1986; x_wconf 83' lang='lat' dir='ltr'>namo</span> <span class='ocrx_word' id='word_1_117' title='bbox 646 1929 729 1985; x_wconf 86' lang='lat' dir='ltr'>recte</span> <span class='ocrx_word' id='word_1_118' title='bbox 749 1925 856 1998; x_wconf 67' lang='lat' dir='ltr'>utum,</span> <span class='ocrx_word' id='word_1_119' title='bbox 877 1923 936 1990; x_wconf 91' lang='lat' dir='ltr'>nisi</span> 
     </span>
     <span class='ocr_line' id='line_1_17' title="bbox 38 2027 943 2110; baseline -0.002 -18"><span class='ocrx_word' id='word_1_120' title='bbox 38 2031 83 2092; x_wconf 85' lang='lat' dir='ltr'>soii</span> <span class='ocrx_word' id='word_1_121' title='bbox 107 2030 155 2108; x_wconf 91' lang='lat' dir='ltr'>pii.</span> <span class='ocrx_word' id='word_1_122' title='bbox 206 2027 260 2092; x_wconf 86' lang='lat' dir='ltr'>Sic</span> <span class='ocrx_word' id='word_1_123' title='bbox 293 2046 374 2110; x_wconf 83' lang='lat' dir='ltr'>quaa</span> <span class='ocrx_word' id='word_1_124' title='bbox 402 2030 555 2109; x_wconf 86' lang='lat' dir='ltr'>principes</span> <span class='ocrx_word' id='word_1_125' title='bbox 583 2037 784 2108; x_wconf 80' lang='lat' dir='ltr'>congregant,</span> <span class='ocrx_word' id='word_1_126' title='bbox 815 2027 943 2108; x_wconf 81' lang='lat' dir='ltr'>piorum·</span> 
     </span>
    </p>
   </div>
   <div class='ocr_carea' id='block_1_3' title="bbox 39 2129 1065 2216">
    <p class='ocr_par' dir='ltr' id='par_1_3' title="bbox 39 2129 1065 2216">
     <span class='ocr_line' id='line_1_18' title="bbox 39 2129 1065 2216; baseline -0.002 -18"><span class='ocrx_word' id='word_1_127' title='bbox 39 2142 109 2209; x_wconf 88' lang='lat' dir='ltr'>sunt,</span> <span class='ocrx_word' id='word_1_128' title='bbox 136 2135 209 2214; x_wconf 87' lang='lat' dir='ltr'>quia</span> <span class='ocrx_word' id='word_1_129' title='bbox 236 2135 279 2196; x_wconf 92' lang='lat' dir='ltr'>iiii</span> <span class='ocrx_word' id='word_1_130' title='bbox 307 2135 365 2200; x_wconf 89' lang='lat' dir='ltr'>soii</span> <span class='ocrx_word' id='word_1_131' title='bbox 392 2143 516 2200; x_wconf 88' lang='lat' dir='ltr'>utuntur</span> <span class='ocrx_word' id='word_1_132' title='bbox 537 2153 607 2200; x_wconf 89' lang='lat' dir='ltr'>cum</span> <span class='ocrx_word' id='word_1_133' title='bbox 628 2129 963 2216; x_wconf 73' lang='lat' dir='ltr'>gratiarumacticne&#39;</span> <span class='ocrx_word' id='word_1_134' title='bbox 1060 2203 1065 2214; x_wconf 53' lang='grc'><strong>,</strong></span> 
     </span>
    </p>
   </div>
   <div class='ocr_carea' id='block_1_4' title="bbox 38 2236 971 2896">
    <p class='ocr_par' dir='ltr' id='par_1_4' title="bbox 38 2236 971 2896">
     <span class='ocr_line' id='line_1_19' title="bbox 39 2236 963 2321; baseline 0.002 -17"><span class='ocrx_word' id='word_1_135' title='bbox 39 2249 61 2304; x_wconf 88' lang='lat' dir='ltr'>et</span> <span class='ocrx_word' id='word_1_136' title='bbox 71 2241 183 2316; x_wconf 75' lang='lat' dir='ltr'>iretur,</span> <span class='ocrx_word' id='word_1_137' title='bbox 198 2241 320 2304; x_wconf 81' lang='lat' dir='ltr'>etiamsi</span> <span class='ocrx_word' id='word_1_138' title='bbox 334 2240 500 2320; x_wconf 81' lang='lat' dir='ltr'>pauxittum</span> <span class='ocrx_word' id='word_1_139' title='bbox 515 2241 658 2306; x_wconf 84' lang='lat' dir='ltr'>habeant.</span> <span class='ocrx_word' id='word_1_140' title='bbox 686 2242 774 2321; x_wconf 89' lang='lat' dir='ltr'>impii</span> <span class='ocrx_word' id='word_1_141' title='bbox 788 2257 862 2306; x_wconf 82' lang='lat' dir='ltr'>vero</span> <span class='ocrx_word' id='word_1_142' title='bbox 877 2236 943 2320; x_wconf 53' lang='grc' dir='ltr'>θ’)</span> <span class='ocrx_word' id='word_1_143' title='bbox 958 2260 963 2288; x_wconf 78' lang='lat'><strong><em>¹</em></strong></span> 
     </span>
     <span class='ocr_line' id='line_1_20' title="bbox 39 2347 937 2427; baseline 0.002 -19"><span class='ocrx_word' id='word_1_144' title='bbox 39 2347 143 2422; x_wconf 86' lang='lat' dir='ltr'>habent,</span> <span class='ocrx_word' id='word_1_145' title='bbox 162 2364 221 2410; x_wconf 87' lang='lat' dir='ltr'>nec</span> <span class='ocrx_word' id='word_1_146' title='bbox 242 2354 344 2410; x_wconf 87' lang='lat' dir='ltr'>tamen</span> <span class='ocrx_word' id='word_1_147' title='bbox 358 2355 489 2422; x_wconf 89' lang='lat' dir='ltr'>utuntur,</span> <span class='ocrx_word' id='word_1_148' title='bbox 511 2365 580 2412; x_wconf 86' lang='lat' dir='ltr'>cum</span> <span class='ocrx_word' id='word_1_149' title='bbox 597 2365 709 2427; x_wconf 78' lang='lat' dir='ltr'>magna</span> <span class='ocrx_word' id='word_1_150' title='bbox 728 2365 803 2412; x_wconf 82' lang='lat' dir='ltr'>euru</span> <span class='ocrx_word' id='word_1_151' title='bbox 822 2356 855 2410; x_wconf 85' lang='lat' dir='ltr'>et</span> <span class='ocrx_word' id='word_1_152' title='bbox 870 2363 937 2410; x_wconf 87' lang='lat' dir='ltr'>mc-</span> 
     </span>
     <span class='ocr_line' id='line_1_21' title="bbox 38 2452 937 2548; baseline 0.004 -32"><span class='ocrx_word' id='word_1_153' title='bbox 38 2452 117 2516; x_wconf 84' lang='lat' dir='ltr'>iestia.</span> <span class='ocrx_word' id='word_1_154' title='bbox 158 2454 303 2518; x_wconf 87' lang='lat' dir='ltr'>Summa:</span> <span class='ocrx_word' id='word_1_155' title='bbox 330 2455 372 2532; x_wconf 87' lang='lat' dir='ltr'>pii</span> <span class='ocrx_word' id='word_1_156' title='bbox 393 2471 467 2518; x_wconf 86' lang='lat' dir='ltr'>vere</span> <span class='ocrx_word' id='word_1_157' title='bbox 481 2454 596 2518; x_wconf 84' lang='lat' dir='ltr'>habeut</span> <span class='ocrx_word' id='word_1_158' title='bbox 612 2455 717 2518; x_wconf 83' lang='lat' dir='ltr'>orbem</span> <span class='ocrx_word' id='word_1_159' title='bbox 733 2452 937 2548; x_wconf 64' lang='lat' dir='ltr'>terr-prmus),</span> 
     </span>
     <span class='ocr_line' id='line_1_22' title="bbox 38 2559 971 2646; baseline 0.001 -26"><span class='ocrx_word' id='word_1_160' title='bbox 38 2559 95 2638; x_wconf 86' lang='lat' dir='ltr'>qnia</span> <span class='ocrx_word' id='word_1_161' title='bbox 121 2560 261 2623; x_wconf 89' lang='lat' dir='ltr'>iruuntur</span> <span class='ocrx_word' id='word_1_162' title='bbox 288 2576 356 2624; x_wconf 89' lang='lat' dir='ltr'>cunr</span> <span class='ocrx_word' id='word_1_163' title='bbox 383 2561 498 2642; x_wconf 81' lang='lat' dir='ltr'>laetitia</span> <span class='ocrx_word' id='word_1_164' title='bbox 529 2567 560 2624; x_wconf 84' lang='lat' dir='ltr'>ei</span> <span class='ocrx_word' id='word_1_165' title='bbox 585 2561 807 2641; x_wconf 68' lang='lat' dir='ltr'>tranquillitate.</span> <span class='ocrx_word' id='word_1_166' title='bbox 847 2560 971 2646; x_wconf 34' lang='lat' dir='ltr'>hpii,</span> 
     </span>
     <span class='ocr_line' id='line_1_23' title="bbox 39 2665 933 2754; baseline 0.002 -26"><span class='ocrx_word' id='word_1_167' title='bbox 39 2681 97 2729; x_wconf 84' lang='lat' dir='ltr'>vern</span> <span class='ocrx_word' id='word_1_168' title='bbox 116 2667 207 2728; x_wconf 86' lang='lat' dir='ltr'>etiam</span> <span class='ocrx_word' id='word_1_169' title='bbox 229 2665 381 2754; x_wconf 78' lang='lat' dir='ltr'>irabentas</span> <span class='ocrx_word' id='word_1_170' title='bbox 401 2683 471 2731; x_wconf 90' lang='lat' dir='ltr'>uon.</span> <span class='ocrx_word' id='word_1_171' title='bbox 483 2666 606 2732; x_wconf 85' lang='lat' dir='ltr'>habeut</span> <span class='ocrx_word' id='word_1_172' title='bbox 648 2666 714 2731; x_wconf 80' lang='lat' dir='ltr'>Iste</span> <span class='ocrx_word' id='word_1_173' title='bbox 735 2676 783 2732; x_wconf 81' lang='lat' dir='ltr'>aet</span> <span class='ocrx_word' id='word_1_174' title='bbox 803 2666 933 2742; x_wconf 80' lang='lat' dir='ltr'>nauiter,</span> 
     </span>
     <span class='ocr_line' id='line_1_24' title="bbox 39 2772 926 2896; baseline -0.003 -62"><span class='ocrx_word' id='word_1_175' title='bbox 39 2789 117 2850; x_wconf 86' lang='lat' dir='ltr'>quam</span> <span class='ocrx_word' id='word_1_176' title='bbox 137 2772 252 2836; x_wconf 86' lang='lat' dir='ltr'>habent</span> <span class='ocrx_word' id='word_1_177' title='bbox 273 2773 366 2896; x_wconf 46' lang='lat' dir='ltr'>iurpi‘i.</span> <span class='ocrx_word' id='word_1_178' title='bbox 923 2785 926 2792; x_wconf 83' lang='lat'>·</span> 
     </span>
    </p>
   </div>
   <div class='ocr_carea' id='block_1_5' title="bbox 365 2980 598 3112">
    <p class='ocr_par' dir='ltr' id='par_1_5' title="bbox 365 2980 598 3112">
     <span class='ocr_line' id='line_1_25' title="bbox 365 2980 598 3112; baseline 0 -49"><span class='ocrx_word' id='word_1_179' title='bbox 365 2995 452 3082; x_wconf 80' lang='lat' dir='ltr'>dtprt</span> <span class='ocrx_word' id='word_1_180' title='bbox 471 2980 598 3112; x_wconf 68' lang='lat' dir='ltr'>tertium.¹</span> 
     </span>
    </p>
   </div>
   <div class='ocr_carea' id='block_1_6' title="bbox 38 3113 933 3336">
    <p class='ocr_par' dir='ltr' id='par_1_6' title="bbox 38 3113 933 3336">
     <span class='ocr_line' id='line_1_26' title="bbox 38 3113 933 3230; baseline 0.006 -20"><span class='ocrx_word' id='word_1_181' title='bbox 38 3113 197 3228; x_wconf 59' lang='lat' dir='ltr'>singuiis</span> <span class='ocrx_word' id='word_1_182' title='bbox 232 3166 345 3212; x_wconf 90' lang='lat' dir='ltr'>suum</span> <span class='ocrx_word' id='word_1_183' title='bbox 373 3157 435 3212; x_wconf 88' lang='lat' dir='ltr'>cst</span> <span class='ocrx_word' id='word_1_184' title='bbox 466 3157 634 3230; x_wconf 88' lang='lat' dir='ltr'>tempus,</span> <span class='ocrx_word' id='word_1_185' title='bbox 667 3159 704 3212; x_wconf 87' lang='lat' dir='ltr'>et</span> <span class='ocrx_word' id='word_1_186' title='bbox 732 3167 839 3215; x_wconf 90' lang='lat' dir='ltr'>suum</span> <span class='ocrx_word' id='word_1_187' title='bbox 872 3159 933 3215; x_wconf 90' lang='lat' dir='ltr'>est</span> 
     </span>
     <span class='ocr_line' id='line_1_27' title="bbox 87 3256 863 3336; baseline 0.003 -16"><span class='ocrx_word' id='word_1_188' title='bbox 87 3263 235 3335; x_wconf 85' lang='lat' dir='ltr'>tempus</span> <span class='ocrx_word' id='word_1_189' title='bbox 257 3256 398 3336; x_wconf 89' lang='lat' dir='ltr'>cuique</span> <span class='ocrx_word' id='word_1_190' title='bbox 419 3258 629 3336; x_wconf 87' lang='lat' dir='ltr'>proposito</span> <span class='ocrx_word' id='word_1_191' title='bbox 650 3257 722 3318; x_wconf 88' lang='lat' dir='ltr'>snb</span> <span class='ocrx_word' id='word_1_192' title='bbox 744 3259 863 3323; x_wconf 86' lang='lat' dir='ltr'>coelo.</span> 
     </span>
    </p>
   </div>
   <div class='ocr_carea' id='block_1_7' title="bbox 39 3405 934 3591">
    <p class='ocr_par' dir='ltr' id='par_1_7' title="bbox 39 3405 934 3591">
     <span class='ocr_line' id='line_1_28' title="bbox 104 3405 934 3488; baseline 0.006 -19"><span class='ocrx_word' id='word_1_193' title='bbox 104 3405 139 3470; x_wconf 83' lang='lat' dir='ltr'>iit</span> <span class='ocrx_word' id='word_1_194' title='bbox 158 3407 209 3470; x_wconf 90' lang='lat' dir='ltr'>hic</span> <span class='ocrx_word' id='word_1_195' title='bbox 224 3407 377 3481; x_wconf 84' lang='lat' dir='ltr'>Salomon,</span> <span class='ocrx_word' id='word_1_196' title='bbox 397 3415 482 3470; x_wconf 87' lang='lat' dir='ltr'>utet</span> <span class='ocrx_word' id='word_1_197' title='bbox 504 3416 574 3472; x_wconf 89' lang='lat' dir='ltr'>ante</span> <span class='ocrx_word' id='word_1_198' title='bbox 590 3408 703 3472; x_wconf 88' lang='lat' dir='ltr'>dictum</span> <span class='ocrx_word' id='word_1_199' title='bbox 724 3417 780 3482; x_wconf 84' lang='lat' dir='ltr'>est,</span> <span class='ocrx_word' id='word_1_200' title='bbox 801 3409 934 3488; x_wconf 89' lang='lat' dir='ltr'>inquitur</span> 
     </span>
     <span class='ocr_line' id='line_1_29' title="bbox 39 3511 932 3591; baseline 0.007 -19"><span class='ocrx_word' id='word_1_201' title='bbox 39 3511 217 3591; x_wconf 84' lang='lat' dir='ltr'>deoperibus</span> <span class='ocrx_word' id='word_1_202' title='bbox 238 3512 388 3588; x_wconf 88' lang='lat' dir='ltr'>humanis,</span> <span class='ocrx_word' id='word_1_203' title='bbox 412 3513 443 3576; x_wconf 92' lang='lat' dir='ltr'>id</span> <span class='ocrx_word' id='word_1_204' title='bbox 465 3523 521 3591; x_wconf 92' lang='lat' dir='ltr'>est,</span> <span class='ocrx_word' id='word_1_205' title='bbox 542 3514 676 3578; x_wconf 86' lang='lat' dir='ltr'>humano</span> <span class='ocrx_word' id='word_1_206' title='bbox 699 3515 825 3580; x_wconf 89' lang='lat' dir='ltr'>consilio</span> <span class='ocrx_word' id='word_1_207' title='bbox 845 3515 932 3578; x_wconf 87' lang='lat' dir='ltr'>insti-</span> 
     </span>
    </p>
   </div>
   <div class='ocr_carea' id='block_1_8' title="bbox 37 3623 929 3928">
    <p class='ocr_par' dir='ltr' id='par_1_8' title="bbox 37 3623 929 3928">
     <span class='ocr_line' id='line_1_30' title="bbox 44 3623 929 3737; baseline -0.001 -18"><span class='ocrx_word' id='word_1_208' title='bbox 44 3623 227 3734; x_wconf 58' lang='lat' dir='ltr'>—ffi</span> <span class='ocrx_word' id='word_1_209' title='bbox 245 3665 296 3736; x_wconf 79' lang='lat' dir='ltr'>piis</span> <span class='ocrx_word' id='word_1_210' title='bbox 321 3673 486 3737; x_wconf 62' lang='lat' dir='ltr'>conmepunt</span> <span class='ocrx_word' id='word_1_211' title='bbox 509 3679 574 3737; x_wconf 81' lang='lat' dir='ltr'>oper</span> <span class='ocrx_word' id='word_1_212' title='bbox 604 3671 632 3720; x_wconf 79' lang='lat' dir='ltr'>ci</span> <span class='ocrx_word' id='word_1_213' title='bbox 659 3665 800 3722; x_wconf 74' lang='lat' dir='ltr'>aedificant</span> <span class='ocrx_word' id='word_1_214' title='bbox 824 3663 929 3736; x_wconf 65' lang='lat'>(15³⁰).</span> 
     </span>
     <span class='ocr_line' id='line_1_31' title="bbox 37 3757 527 3829; baseline 0.008 -19"><span class='ocrx_word' id='word_1_215' title='bbox 37 3758 62 3824; x_wconf 75' lang='lat' dir='ltr'>g)</span> <span class='ocrx_word' id='word_1_216' title='bbox 78 3757 114 3811; x_wconf 87' lang='lat' dir='ltr'>Pii</span> <span class='ocrx_word' id='word_1_217' title='bbox 129 3759 263 3829; x_wconf 78' lang='lat' dir='ltr'>possident</span> <span class='ocrx_word' id='word_1_218' title='bbox 280 3761 372 3816; x_wconf 83' lang='lat' dir='ltr'>urbem</span> <span class='ocrx_word' id='word_1_219' title='bbox 390 3769 527 3818; x_wconf 76' lang='lat' dir='ltr'>tammum.</span> 
     </span>
     <span class='ocr_line' id='line_1_32' title="bbox 97 3852 326 3928; baseline 0.013 -20"><span class='ocrx_word' id='word_1_220' title='bbox 97 3852 140 3922; x_wconf 79' lang='grc'>39)</span> <span class='ocrx_word' id='word_1_221' title='bbox 160 3871 229 3912; x_wconf 83' lang='lat' dir='ltr'>vcra.</span> <span class='ocrx_word' id='word_1_222' title='bbox 324 3923 326 3928; x_wconf 17' lang='grc' dir='ltr'>ι</span> 
     </span>
    </p>
   </div>
   <div class='ocr_carea' id='block_1_9' title="bbox 0 0 1158 4316">
    <p class='ocr_par' dir='ltr' id='par_1_9' title="bbox 0 0 1158 4316">
     <span class='ocr_line' id='line_1_33' title="bbox 0 0 1158 4316; baseline 0 1"><span class='ocrx_word' id='word_1_223' title='bbox 0 0 1158 4316; x_wconf 95' lang='lat' dir='ltr'> </span> 
     </span>
    </p>
   </div>
  </div>
 </body>
</html>
