2406 4322
129 225 130 235 ἵ
204 249 268 321 Ἀθ
302 229 306 246 ’
507 259 597 336 Caput
616 261 814 320 duodecimum

142 547 149 568 x
206 483 394 565 Memento
425 485 619 547 creatoris
655 485 707 552 tui
739 483 1011 560 injuventute
1040 492 1116 556 tua,

154 605 159 616 ·
203 599 411 670 antequam
434 591 597 653 veniant
618 591 701 651 dies
722 591 826 676 ωςιΙί,
851 597 885 651 et
907 589 1116 666 appropin-

88 754 92 770 ,
205 705 324 776 quent
358 697 462 770 enni,
502 698 546 759 de
579 697 725 776 quibus
759 695 884 758 dicas:
925 712 995 756 non
1027 694 1116 756 mihi

579 791 746 879 placent.

167 1035 176 1052 ἡ
284 967 368 1030 llaec
395 970 512 1041 omnio,
545 969 660 1047 inquit,
686 968 755 1030 ideo
778 966 863 1039 dico,
896 965 973 1044 quia
999 966 1066 1026 volo
1087 976 1114 1028 te

202 1075 330 1136 liberum
348 1053 421 1137 esse
436 1075 475 1136 ab
490 1075 633 1136 omnibus
650 1073 819 1135 adfectibus
832 1066 1019 1150 juvenilibus
1031 1069 1114 1151 ²⁴²),

86 1191 91 1196 ’
204 1188 238 1243 ut
257 1181 354 1242 Deum
377 1181 560 1252 reverearis,
587 1179 734 1242 etaloris
757 1179 809 1253 iio,
842 1195 923 1258 quae
945 1179 999 1240 libi
1020 1180 1058 1240 ab
1080 1197 1114 1240 eo

85 1339 88 1350 .
203 1287 276 1348 data
304 1294 383 1351 sunt
434 1268 605 1364 Antequam
639 1285 759 1346 veniant
791 1285 857 1346 dies
886 1285 973 1358 mali,
1005 1285 1034 1346 id
1063 1293 1115 1357 est

202 1400 366 1473 antequam
397 1409 554 1456 senescas.
602 1391 756 1453 Senectus
774 1392 818 1469 ο)
843 1391 923 1452 enim
956 1407 1010 1467 per
1048 1407 1115 1451 sese

203 1502 329 1562 morbus
351 1507 407 1572 est,
428 1498 549 1560 etiamsi
571 1487 827 1574 ninil‘prseterca
841 1498 1015 1559 morborum
1031 1510 1115 1557 ucce-

202 1606 265 1670 dat.
304 1606 452 1668 Amittunt
479 1602 558 1665 enim
586 1617 679 1670 senes
707 1590 845 1681 vigorem
874 1604 968 1664 animi
995 1611 1023 1664 et
1051 1619 1113 1664 cor·
1194 1589 1195 1678 ᾗ

203 1712 299 1791 poris.
341 1711 492 1773 Describit
513 1709 734 1784 autemlcngis
763 1709 867 1771 verbis
890 1718 921 1771 et
941 1709 1046 1785 liguris
1065 1725 1113 1768 se·
1194 1707 1195 1792 i

201 1824 367 1880 nectutem:
402 1823 590 1878 senectutem
618 1831 681 1878 non
698 1815 821 1878 babere
842 1815 903 1877 nisi·
924 1815 992 1876 dies
1011 1815 1110 1885 malos,
1194 1829 1195 1858 t

45 1918 48 1925 ’
129 2005 134 2023 ἢ
203 1941 306 2004 neque
327 1923 430 1987 utilem
451 1937 524 1984 esse
544 1921 638 1983 rebus
660 1920 810 1997 gerendis.

160 2077 163 2096 '
202 2091 416 2169 Antequam
445 2087 726 2178 tenebrescent
754 2088 828 2166 sol,
857 2077 1108 2180 tenemium

203 2203 321 2275 eique
349 2195 508 2266 stellae,
538 2200 576 2254 et
599 2199 855 2254 revertantur
881 2193 1006 2280 nubes
1027 2199 1108 2270 post

575 2299 740 2361 imbrem.

175 2465 178 2472 ’
284 2452 396 2537 Luxu)
420 2453 607 2526 felicitatem,
635 2449 826 2530 tenebruet)
858 2450 1058 2542 adflictionem
1082 2459 1109 2513 et

169 2593 180 2610 ι
201 2562 396 2626 intortunium
418 2559 581 2636 significat,
603 2566 651 2620 ut:
688 2557 832 2621 Exortum
860 2567 908 2620 est
933 2559 1107 2620 intenebris
1193 2633 1194 2644 χ

200 2672 302 2732 lumen
323 2666 423 2729 rectis.
466 2666 545 2734 Vult,
566 2681 639 2742 ergo
666 2664 794 2726 diceret
818 2665 991 2742 Antequam
1016 2664 1108 2725 veniat
1193 2655 1194 2740 ξ

121 2761 125 2768 ’
201 2774 359 2838 infelicitas
381 2771 563 2843 concumbe,
592 2787 663 2832 cum
683 2785 784 2848 neque
804 2771 851 2833 soi
873 2772 988 2848 placet,
1017 2787 1109 2850 neque
1193 2761 1194 2776 ¹

201 2884 254 2946 lux
269 2879 407 2958 jucundo
426 2885 482 2950 est,
503 2878 545 2940 ibi
566 2882 758 2940 revertuntur
774 2877 872 2938 nubes
895 2877 1108 2953 posticulum,
1193 2919 1194 2932 ,

202 2989 232 3052 id
255 2993 316 3059 est,
345 2990 393 3046 est
414 2965 572 3062 perpetuo,
591 2982 743 3061 quaedam
768 2981 888 3044 tristitia
906 2990 937 3042 et
958 2982 1110 3044 tribulatio.
1193 2997 1194 3036 3

201 3095 235 3156 ln
249 3093 357 3156 ceteris
374 3089 534 3160 aetatibus,
555 3074 585 3150 in
604 3087 819 3159 adolescentie,
840 3087 1038 3164 injuventute
1056 3094 1107 3148 etc.

202 3206 252 3263 est
272 3187 424 3277 quaedum
451 3193 632 3258 vicissitudo
654 3193 772 3268 gaudii,
800 3199 832 3254 et
852 3192 928 3254 redit
949 3203 1020 3271 post
1042 3173 1110 3255 temss

109 3325 111 3336 ·
203 3311 352 3384 postulem
375 3298 627 3378 serenitasque
650 3299 871 3361 tribulationem
892 3299 1015 3373 laetitia,
1036 3301 1112 3362 seni-

89 3483 91 3488 ,
132 3439 135 3455 ⁴
203 3413 265 3474 bus
285 3417 387 3472 autem
406 3414 479 3486 post
498 3407 597 3469 nubes
618 3403 757 3482 sequitur
775 3405 896 3483 pluvia,
924 3405 973 3470 tltt
993 3402 1111 3486 umtcc

104 3719 106 3728 ,
272 3665 303 3730 ο)
323 3661 473 3718 Sancum·
499 3661 582 3718 15³⁶:
608 3659 757 3716 senectutis
781 3661 933 3732 descriptio.
1002 3661 1034 3732 p)
1052 3662 1112 3716 Lux.

206 3759 237 3829 q)
255 3751 400 3812 Tenebrae.
773 3749 777 3760 ’

274 3848 339 3918 tta)
352 3849 506 3917 iuuenibus.
