2484 4320
89 339 93 346 .
158 282 164 296 ⁸
350 249 545 328 'Eooieuiesme
565 235 753 372 Salomonis
792 231 810 298 ',
860 333 862 346 .
903 227 1029 322 ¹160.
1121 347 1124 354 .

100 443 529 547 inuniversaiicsquodsio
549 442 660 506 debeat
680 440 844 514 fieri‚sed
866 440 1012 519 quisunt
1112 443 1117 476 ³
1157 487 1160 494 .

74 553 127 612 'in
149 549 421 624 administratione.
450 555 599 642 coguntur
620 547 857 648 descenderem
879 544 1012 625 particu·
1068 548 1095 578 ι’

14 691 15 694 =
98 656 172 718 laria
188 659 225 719 et
244 655 411 727 individua,
437 663 467 716 et
489 655 592 718 uidere
612 671 650 716 en
672 654 772 731 possit
792 654 838 716 sic
857 648 938 724 fieri,
968 650 1011 712 ibi

98 761 228 826 offanum
255 779 291 824 se
312 776 405 824 casus
427 759 547 834 infiniti,
581 749 828 826 circumstantiae
845 759 916 834 item
946 753 1012 817 ind·

97 870 185 932 uitae.
223 868 285 930 Nee
303 863 404 946 potest
418 865 626 947 profundrtas
618 874 678 932 usta
694 865 853 930 numerari
886 863 1012 926 Summe

100 991 172 1052 ergo
196 971 321 1053 Gemi.
338 971 434 1052 ιι)ιιι
460 972 553 1050 hujus
575 971 793 1036 exhortationis
815 977 879 1033 est:
905 968 1014 1052 Quan-
1079 1027 1093 1032 ..
1182 999 1185 1002 ·

92 1061 161 1141 ¹tum
183 1085 288 1157 potes,
310 1085 449 1158 sustenta
469 1078 584 1156 legem
599 1085 636 1141 ct
657 1085 802 1158 quantum
824 1069 927 1164 potes,
949 1089 1016 1136 mo·

99 1185 207 1248 derare
229 1174 357 1263 iegem„
376 1201 415 1248 ue
441 1186 519 1247 veiis
545 1185 646 1247 omnia
673 1169 859 1262 rigidissime
889 1181 1015 1255 servari,

99 1291 201 1370 oeque
219 1289 361 1370 frangere
387 1287 507 1364 taedio.
534 1291 590 1354 sed
618 1291 690 1354 time
710 1299 824 1354 tanturn
846 1288 1015 1360 Dominum.
1043 1345 1046 1350 .

98 1404 128 1460 et
158 1399 186 1466 is
209 1404 293 1460 recte
313 1404 343 1460 te
370 1397 472 1460 omniu
491 1396 627 1471 docebit,
654 1395 726 1476 quia
748 1398 799 1475 qui
820 1397 887 1458 siue
909 1384 1015 1458 timore
1044 1445 1046 1452 .

97 1510 184 1578 sunt,
219 1511 271 1566 aut
301 1509 372 1566 sunt
402 1502 526 1567 nimium
550 1500 639 1578 justi,
671 1509 724 1566 aut
758 1501 881 1566 nimium
917 1502 1015 1580 impu·

95 1609 218 1672 tientes

99 1774 209 1846 verti
238 1773 442 1838 cormeum
469 1773 515 1836 ad
537 1773 859 1852 investigandum
886 1727 923 1836 et
949 1787 1016 1836 ex
1089 1779 1090 1784 ’

97 1863 331 1960 plorandum
353 1886 391 1941 et
418 1879 693 1959 inquirendum
720 1879 958 1958 sapientiam
980 1884 1018 1942 et
1089 1933 1111 1948 ι.
1175 1891 1187 1908 ”

98 1986 324 2054 seientiam.
345 1993 385 2048 ut
402 2001 679 2063 cognoscerem
696 1985 900 2064 impiorum
920 1987 1018 2050 'stul-
1055 2057 1057 2068 Ι

133 2111 136 2126 ⁴
246 2091 372 2154 titiam
394 2099 429 2153 et
451 2091 686 2200 stolidorum
708 2107 876 2156 errores.

54 2307 56 2312 ,
182 2245 305 2310 auditio
322 2245 504 2334 quaedam
496 2251 545 2307 est
565 2246 776 2324 praecedentis
793 2219 1014 2338 exhortationis
1130 2261 1132 2270 ’

97 2358 129 2414 et
150 2353 319 2424 doctrinae,
339 2351 428 2430 quasi
452 2352 547 2413 dicat:
576 2352 658 2415 Satis
680 2352 729 2413 dri
722 2355 844 2431 genter
858 2350 921 2421 vidi
942 2353 1016 2432 quid
1073 2340 1074 2353 ¹

97 2458 256 2521 accidat”
237 2475 289 2553 ns·
306 2459 359 2536 qui
378 2457 460 2535 juste
481 2459 589 2521 volunt
607 2450 708 2521 omnia
729 2473 821 2536 agere
841 2463 872 2520 et
892 2456 965 2530 fieri,
986 2466 1017 2522 ct

97 2564 127 2626 in
150 2563 305 2641 exigenda
322 2564 439 2643 justitie
461 2572 531 2626 sunt
554 2564 643 2633 nimis
661 2564 760 2641 justi,¹
779 2564 934 2644 quomodo
956 2565 1015 2651 iliis

36 2696 40 2700 ·
98 2687 159 2732 nou
191 2670 349 2743 succedat,
381 2678 410 2732 et
437 2669 595 2749 quomodo.
621 2671 744 2732 nimium
761 2669 916 2751 'sopiendo
942 2669 1046 2761 flant*
1129 2731 1133 2748 ,

98 2776 194 2839 stulti
249 2776 414 2855 invenique
442 2775 587 2861 quadiu
618 2776 686 2862 loco
721 2767 862 2856 desipere
895 2795 1016 2842 summa

98 2883 253 2962 sapientia
275 2878 373 2960 sith).
416 2883 535 2945 Rursus
555 2881 683 2945 lustravi
700 2897 790 2944 omne
806 2883 1015 2960 genestum,

97 2995 132 3050 ut
153 3002 398 3067 cognoscerem
421 2988 575 3082 quomodo
601 3003 653 3051 res
682 2995 857 3066 gererentur
883 3006 939 3070 per
960 2992 1017 3054 im·
1029 2993 1031 2998 '
1066 3019 1070 3038 ι

98 3094 191 3174 pios,
213 3095 368 3174 quomodo
390 3071 569 3158 succederet
589 3094 703 3170 stultis,
724 3102 823 3158 utrum
845 3095 886 3159 sit
907 3096 1016 3160 melius
1064 3159 1095 3181 ¹.

99 3217 225 3264 omnem
251 3214 356 3264 eoram
385 3199 517 3278 abiicere
544 3201 593 3282 (ut
613 3201 696 3264 stum
716 3201 843 3280 iaciunt)
873 3183 921 3266 vei
943 3217 1017 3266 essc
1105 3204 1108 3212 '

98 3306 194 3386 nimis
232 3304 358 3382 iustum.
414 3304 561 3386 Loquitur
599 3307 678 3370 enim
710 3323 818 3372 rursus
851 3307 891 3372 de
922 3309 1043 3380 rebus.

99 3412 203 3504 gestis
230 3413 297 3480 sive
325 3409 467 3491 gerendis
496 3427 552 3491 per
574 3413 689 3494 stultos
716 3419 747 3477 et
773 3413 899 3493 impios,
937 3415 1017 3477 sicut

48 3525 54 3533 ·
100 3525 196 3580 antea
227 3519 348 3582 locutus
382 3524 430 3582 est
457 3517 496 3612 de
523 3518 626 3582 rebus*
649 3521 745 3596 gestis
776 3519 926 3597 iustorum
959 3533 1015 3599 pu·

98 3621 193 3686 litioe.
288 3665 291 3670 -
393 3675 398 3682 .

176 3853 208 3926 ι)
227 3823 335 3912 suun·
352 3851 452 3926 omn.
484 3853 529 3927 ι)
541 3853 579 3910 -ιι
599 3855 659 3910 nee
678 3811 801 3926 aenens
817 3863 861 3912 weu
875 3821 1022 3928 serenus(
1128 3879 1132 3890 s
