2448 4324
129 287 134 296 ¹
180 205 266 316 ι226
516 213 605 289 Gsput
625 211 826 272 undecimum¹

202 410 311 471 egens,
347 392 422 456 nihii
449 394 499 456 det
529 395 606 458 aliis.
655 394 709 454 »Ait
736 393 855 469 itaque:
893 391 980 455 Mitte
1013 365 1124 468 panem

201 508 303 591 tuum,
332 501 446 574 idest,
474 502 572 564 tribue
594 501 632 562 de
655 501 810 594 virtuotuo
828 493 925 577 ²³³),
953 513 1051 576 quem
1074 496 1125 558 tibi

201 607 349 670 Dominus
374 607 464 671 dedit.

399 798 529 874 super
551 797 690 858 iaciern
712 809 912 872 aquarum.

284 949 315 1010 id
338 959 393 1023 est,
416 952 593 1028 simpliciter
613 958 643 1012 et
664 951 748 1028 large
770 949 819 1021 de,
842 947 964 1009 etiamsi
985 944 1130 1005 videatur

200 1055 253 1117 tibi
277 1058 375 1132 perire
397 1057 610 1134 eleemosyna,
639 1073 675 1118 ac
696 1055 786 1134 panis
814 1056 842 1114 in
866 1067 981 1132 aquam
996 1051 1126 1113 eadere.

200 1161 298 1224 Utitur
326 1164 406 1224 enirn
434 1163 616 1241 metaphora
644 1161 804 1231 Salomon,
834 1171 897 1238 qua
931 1159 1034 1221 solum
1065 1159 1131 1219 hoc

39 1323 45 1330 .
81 1309 86 1353 ·.
201 1270 280 1332 vuitr
310 1269 408 1346 Pasce
432 1271 574 1332 mortales
596 1269 718 1345 tuipse
740 1268 885 1331 mortalis.

199 1455 298 1532 Quia
321 1458 500 1548 invenies
522 1473 605 1519 euru
627 1458 661 1518 in
684 1443 1127 1532 longitudine'dierum.

280 1612 400 1676 idest:
434 1613 467 1674 Si
495 1613 548 1674 diu
570 1611 698 1684 vixeris,
730 1612 868 1674 invenies
897 1611 979 1672 ilium
1001 1625 1128 1686 panem,

186 1733 293 1795 ,quem
323 1717 478 1796 projecisti
514 1735 609 1796 super
636 1731 765 1798 aquam,
800 1717 891 1798 quasi
918 1716 1015 1789 dieat:
1058 1715 1129 1776 Non

143 1883 145 1890 ,
199 1825 310 1908 peribit
342 1825 426 1903 quod
446 1825 575 1901 largitus
602 1826 696 1886 tueris
719 1824 805 1897 aliis,
832 1822 1129 1885 etiamsi¹videatur

77 1980 79 1985 .
105 2005 106 2008 Ἴ
197 1929 313 2007 perire,
342 1931 403 1993 irno
425 1931 572 1994 Dominus
607 1932 646 1993 ad
669 1933 793 2008 tongum
816 1933 936 2008 tempus
957 1929 1044 1990 dabit
1068 1945 1126 2005 pa·

161 2065 163 2070 ·
196 2051 275 2108 nem,
297 2037 379 2098 Psai.
402 2033 443 2099 36
458 2039 503 2114 ²):
534 2037 611 2099 Tota
632 2035 864 2099 die‘rniseretur
884 2045 913 2098 et
936 2017 1126 2098 commodat.

195 2141 287 2204 item:
322 2144 354 2203 In
385 2152 521 2220 ternpore
553 2143 643 2205 samis
672 2145 902 2215 saturabantur,
936 2142 1008 2236 quia
1037 2121 1126 2205 Deus

134 2281 138 2286 ·
196 2263 256 2310 non
287 2249 399 2325 patitur
428 2266 463 2312 se
484 2231 758 2328 vinei'iargiendo,
787 2250 843 2313 sed
871 2247 995 2312 infinitis
1014 2251 1123 2330 modis

195 2362 323 2431 superat
344 2361 479 2418 nostram
501 2356 678 2433 largitatem.

116 2523 122 2534 ’
192 2527 696 2623 Dapartemintersepten
719 2551 877 2620 atocio,
899 2545 1122 2624 qniaigno-

219 2663 286 2712 ras
309 2645 401 2727 quid
423 2651 781 2742 maliinturumsit
803 2660 1091 2730 superterram.

278 2805 334 2868 Hie
365 2820 473 2872 rursus
506 2805 698 2880 exhortatur,
734 2816 765 2870 et
795 2806 997 2871 exhortationi
1031 2808 1121 2870 addit

194 2911 489 3004 comminationem„
511 2913 636 2986 Divide‚
669 2910 781 2992 inquit,
808 2931 920 2992 panem
941 2924 1025 2976 tuurn
1048 2915 1121 2977 sire

193 3017 270 3078 inter
288 3023 407 3094 septem
430 3019 497 3080 sive
514 3019 590 3080 inter
629 3029 693 3107 eto,⁸
708 3021 737 3082 id
761 3029 816 3097 est,
841 3021 881 3082 da
898 3023 1026 3097 largiter.
1061 3021 1119 3098 Qui

193 3124 273 3184 enirn
295 3123 425 3186 seminat
446 3124 476 3186 in
498 3125 626 3188 benedic
641 3127 761 3191 'onibus
785 3123 851 3210 (ait
868 3123 1047 3210 Paniusb),
1078 3127 1118 3188 de

106 3213 108 3218 ’
191 3225 457 3326 benedictionibus
480 3239 509 3294 et
531 3145 717 3328 meteuhqni
739 3251 832 3310 parce
855 3235 997 3306 seminat,
1022 3247 1117 3310 parce

192 3342 223 3398 et
244 3343 344 3410 metet,
367 3333 415 3416 toi
438 3334 496 3414 bid
514 3337 589 3417 nicht
609 3329 724 3420 rabiei
740 3339 864 3418 buaren,
885 3337 941 3405 bot
956 3337 994 3403 bo
1018 3338 1118 3419 gibet,

192 3442 311 3506 etiarnsi
339 3443 600 3540 omniadederis,
622 3417 704 3604 udal
721 3454 822 3510 tamen
851 3447 973 3522 egebis,
996 3451 1117 3510 tantum

147 3607 407 3632 vm*
498 3623 501 3632 ,

172 3683 175 3689 ’
263 3719 291 3779 at
315 3715 445 3771 aaaron
499 3717 529 3783 u)
549 3715 575 3772 a
595 3675 756 3772 tonnus.
799 3731 802 3740 2
850 3733 891 3756 «-
945 3773 947 3782 χ
986 3747 989 3752 -

263 3811 330 3880 2³³)
348 3809 431 3882 „tuo“
449 3810 532 3865 deest.
586 3797 590 3817 ¹
733 3815 735 3824 ·
945 3844 953 3854 r
