2386 4316
209 269 272 342 296
550 275 640 356 caput
659 278 778 356 primum

82 507 84 512 -
208 457 458 552 csscrn'aditusv
492 465 523 522 et
551 459 654 522 adbuc
687 460 716 521 iu
751 458 894 523 convivio
921 458 1122 524 accumberet.

208 567 308 642 Quare
329 566 420 628 etiam
442 566 468 628 ei
491 567 614 646 placuit
637 565 800 630 delectavit
819 583 906 639 cum,
929 572 961 628 et
982 565 1122 628 exaudita

207 681 256 736 est
269 670 321 753 ὕ).

206 839 440 907 Fasciculus
466 837 644 922 myrrhae
677 837 849 902 dilectus
876 854 988 901 meus
1021 835 1119 900 mibi

342 949 447 1010 Inter
467 945 588 1014 ubera
609 945 690 1006 med
710 952 987 1009 commoratur.

287 1071 383 1165 Addil
403 1101 467 1180 Jam
499 1085 795 1166 commendationem
822 1099 1044 1165 consolationis
1056 1097 1120 1178 θ),

205 1219 237 1274 ct
257 1208 422 1289 amplificat
448 1208 691 1272 consolationem
721 1206 872 1270 suavibus
899 1206 1045 1299 liguris-l
1060 1207 1119 1269 Nou

73 1385 78 1398 ,
182 1323 252 1380 rest
277 1313 383 1394 plocul
404 1313 503 1384 Dans,
536 1313 592 1377 sed
619 1314 650 1376 in
677 1305 780 1376 m'edio
807 1321 947 1376 nostrum
978 1321 1120 1386 versatur,

203 1439 241 1485 ac
261 1422 293 1484 io
314 1423 386 1484 sinu
407 1426 438 1483 ct
458 1419 672 1498 complexibus
686 1420 765 1483 meis
786 1427 843 1495 est,
865 1403 947 1482 sicut
960 1419 1122 1484 fasciculus

80 1571 86 1582 ·
202 1528 353 1622 myrrhae,
374 1525 407 1588 ld
427 1533 484 1599 ost
504 1523 603 1599 lavet,
625 1525 771 1603 protegit,
795 1527 976 1590 consolatur
997 1534 1054 1588 cto.
1092 1527 1121 1588 ln

201 1652 338 1700 summa:
374 1633 427 1695 Sic
448 1649 522 1710 erga
548 1649 598 1695 mc
625 1638 675 1694 cst
703 1629 851 1707 affectus,
880 1632 962 1695 sicut
990 1649 1121 1711 sponsus

201 1757 277 1818 erga
306 1755 463 1819 sponsam.
506 1735 681 1803 Notandum
702 1745 820 1812 autam,
841 1738 938 1828 ‘quod
960 1736 1042 1800 haec
1068 1757 1122 1802 uon

201 1848 333 1919 sintita,
355 1854 388 1910 ut
407 1833 526 1923 palpari
547 1847 686 1924 possint.
707 1844 764 1932 sed
786 1852 889 1908 manet
909 1843 993 1907 haec
1014 1861 1121 1908 conso-

201 1954 275 2016 latio
306 1953 336 2015 in
367 1949 468 2030 figura
499 1952 613 2015 odoris.
669 1949 771 2014 Odore
802 1956 919 2015 mutum
955 1951 1122 2014 sentiuntur

201 2063 275 2132 ista,
304 2063 338 2121 ut
366 2056 554 2134 significetur
573 2057 753 2137 mysterium
773 2055 861 2130 fidoi,
889 2055 976 2136 quod
1010 2058 1119 2120 scilicet
1180 2109 1181 2122 ,

102 2153 109 2168 “
200 2167 284 2228 Deus
305 2170 447 2227 versatur
457 2159 538 2242 ΜΗ’)
572 2163 602 2224 in
624 2163 739 2243 populo
761 2179 822 2225 suo
842 2179 898 2242 per
919 2163 1068 2237 odoram,
1094 2165 1119 2226 id

199 2281 261 2345 est,
292 2271 497 2351 perverbum
525 2278 555 2333 et
575 2275 686 2332 nomeu
707 2285 808 2332 suum.
849 2268 965 2346 Magna
986 2268 1067 2332 tides
1087 2273 1120 2332 sit

201 2386 330 2459 oportet,
351 2393 432 2456 quae
453 2376 532 2440 haec
553 2374 593 2437 de
608 2363 674 2437 Deo
695 2374 821 2438 credere
841 2381 954 2454 potest,
978 2377 1066 2455 quod
1084 2377 1117 2438 sit

199 2487 277 2549 iuter
297 2483 402 2557 ubera
423 2481 454 2546 id
476 2492 533 2556 est,
554 2480 714 2560 proximus
736 2488 767 2544 et
786 2481 912 2544 intimus
934 2481 1044 2556 nobis,
1062 2500 1116 2544 non
1179 2533 1180 2585 ᾗ

198 2594 296 2655 iratus
317 2597 373 2653 etc.
480 2624 485 2647 l

198 2758 345 2823 Botrus
385 2752 539 2844 copher
577 2753 754 2818 dilectus
788 2769 898 2818 meus
930 2752 1042 2828 mibi,
1084 2757 1113 2818 iu
1178 2805 1179 2854 3

490 2859 617 2922 vineis
638 2857 822 2937 Engaddl.

154 2993 161 3008 ⁹
280 3013 335 3080 list
362 2997 585 3079 commendatio
606 3013 738 3099 figurata
766 3016 1003 3092 consolationis,
1036 3019 1111 3099 quod

118 3197 124 3209 l
153 3163 158 3172 -
198 3125 282 3187 Deus
304 3130 399 3194 amet,
419 3123 539 3194 faveat,
566 3126 708 3199 protegat
728 3127 786 3184 etc.
809 3121 889 3187 sicut
909 3139 1016 3201 supra.
1056 3125 1110 3187 Bo-

198 3239 276 3292 trum
298 3225 420 3306 Gopbcr
445 3236 520 3307 puto
548 3243 622 3290 esse
649 3227 822 3290 balsamum
831 3275 842 3308 ,¹
868 3227 963 3308 idque
989 3230 1049 3295 bac
1067 3250 1108 3294 rc-

198 3334 294 3407 tione,
324 3333 397 3411 quia
424 3332 508 3396 addit
533 3334 564 3424 in
594 3323 982 3416 vineis-Engaddi‚'quae
1009 3341 1107 3401 civitas

75 3467 119 3510 ,·
197 3448 246 3504 est
266 3440 296 3502 lu
317 3437 500 3515 tribuluda,
520 3439 560 3502 ad
582 3455 667 3502 mare
687 3447 848 3516 munuum,
869 3441 924 3506 ubi
944 3451 1015 3506 suut
1035 3443 1105 3506 boni
1177 3441 1178 3502 Q

94 3597 95 3602 η
195 3545 341 3652 ¹italsami.
376 3544 436 3611 .Sic
456 3546 547 3624 igitur
567 3545 726 3622 existimo,
754 3547 855 3625 ipsam
876 3547 1017 3614 arborem
1037 3551 1105 3612 auti·
1176 3565 1177 3570 ¹

268 3788 301 3856 ⁸)
319 3787 447 3843 Exaudite
474 3789 601 3854 cndu,
624 3766 673 3856 ⁴⁸)
691 3786 890 3847 Commendatio
916 3761 1100 3850 coarolnlorir.
1176 3815 1177 3852 ι

197 3878 265 3950 W)
284 3881 420 3947 Quomodo
437 3881 510 3938 ocu
523 3885 598 3939 luter
614 3899 678 3940 soor
696 3892 826 3942 narretur.

351 4113 353 4130 ·
695 4095 698 4136 l
