2406 4322
133 217 154 315 ¹.
218 231 282 306 252
551 245 705 323 Eproatio
727 245 789 307 dieti

215 422 313 500 geben
333 421 458 485 meritus
479 431 542 496 est,
570 399 691 488 sumno
716 441 785 488 oum
807 425 911 489 dolore
932 435 1037 491 nostro
1058 447 1122 508 per-

212 527 344 612 ficiendo,
378 529 463 607 operi
496 539 641 609 suscepto
679 534 784 594 nitense
822 533 917 611 Apn'b
947 533 1018 595 anni
1046 533 1121 600 1857

107 637 109 642 ’
214 641 312 698 morte
340 641 388 698 est
419 645 552 714 ereptus.
593 638 622 698 A
648 637 815 718 bibliopola
843 639 935 716 igitur
959 640 1120 706 ilenrico

214 741 375 803 Zimmer
407 741 649 804 Franooiurtensi
689 743 727 806 V.
760 743 799 804 Μ.
837 744 874 803 V.
908 752 1050 822 rogatae,
1093 755 1123 810 ut
1187 793 1188 798 η

211 845 333 911 butberi
355 857 436 926 quae
455 848 572 928 reliqua
597 857 704 912 essent
732 865 826 929 opera
853 849 947 913 launa
966 853 1051 930 prelo
1072 869 1121 914 ex-

212 952 352 1018 cudenda
367 969 513 1041 curarem,
535 945 688 1035 equidem,
702 957 753 1034 qui
768 971 867 1035 paene
884 963 979 1020 totum
997 957 1121 1020 indioem

210 1075 311 1124 rerum
343 1057 383 1122 ad
409 1057 532 1125 Lutheri
569 1077 675 1141 opera·
696 1061 870 1139 germanica
904 1061 1046 1142 editionis
1065 1063 1120 1132 ,Er-

210 1165 365 1243 langensts
387 1167 612 1244 congesserim,
640 1168 792 1245 denegare
819 1168 909 1230 noiui.
953 1169 1018 1232 Deo
1041 1169 1120 1247 adju-

211 1279 317 1345 vante,
342 1287 405 1351 quo
427 1273 553 1336 oonsilio
574 1272 653 1336 haee
674 1273 766 1336 aditio
788 1273 880 1336 latina
901 1291 982 1337 anno
1005 1271 1085 1340 1829
1104 1293 1120 1337 a

210 1377 259 1440 Dr.
289 1376 430 1441 obriso
459 1378 588 1458 Stepb.
622 1378 796 1459 Theopb.
830 1379 1048 1459 Elsperger
1076 1389 1119 1444 est

211 1483 358 1548 adornata
386 1490 479 1563 atque
506 1486 627 1564 incepta
653 1495 683 1550 et
711 1487 798 1548 abr.
828 1487 938 1554 Henr.
968 1485 1117 1548 Schmin
1188 1495 1189 1544 ι

162 1593 165 1600 ⁴
209 1598 240 1653 ει
260 1591 309 1653 Dr.
322 1591 426 1654 Gonu.
444 1590 860 1680 irmisobegoontinuata,
881 1593 991 1655 eodem
1006 1609 1118 1656 suntuna
1188 1583 1189 1588 ’

210 1713 273 1777 qua
294 1705 401 1776 potero
424 1695 578 1773 diligentia
599 1697 744 1776 perficere
766 1697 910 1760 oonabor.

293 1805 470 1868 Soribebam
492 1803 641 1881 Erlangae
662 1820 701 1864 nt.
721 1804 801 1866 tutio
826 1799 913 1866 1858.
988 1803 992 1810 '

694 1955 740 2022 br.
762 1955 843 2048 lieni.
864 1954 994 2036 Sobnibi,

594 2061 720 2126 soboiae
741 2051 866 2127 Latinae
885 2063 1080 2142 Erlangensis

734 2153 923 2226 praeceptor.
966 2195 971 2204 .
1098 2161 1101 2166 ·
1134 2204 1160 2245 ,Ι

561 2375 770 2390 m

207 2515 497 2661 suncanto
530 2579 641 2662 noo1
672 2577 1012 2662 uectusnsus
1039 2559 1113 2658 vu.

275 2700 372 2783 non
396 2701 488 2804 asu
511 2700 686 2784 iussus
710 2701 758 2782 ιιι
782 2701 949 2784 nunno
975 2707 1043 2782 aa.

362 2856 473 2920 Contra
496 2853 755 2922 sobotostioorum
775 2858 964 2921 sententiam.

209 3038 315 3117 Quod
332 3009 467 3116 iustus
488 3039 602 3102 etiam
623 3039 724 3101 inter
750 3039 848 3102 bene
863 3038 1111 3118 operandum

511 3152 666 3224 peooet,
686 3152 807 3225 patet.

287 3303 385 3366 Primo
412 3319 473 3383 pet
494 3304 567 3366 iilud
588 3301 704 3368 Eccles.
726 3287 770 3368 *ts
796 3303 863 3367 Non
891 3309 939 3366 est
962 3303 1063 3380 justus
1082 3302 1110 3362 in

67 3409 99 3464 μ
180 3395 299 3483 terra,
326 3409 379 3489 qui
406 3409 498 3496 iaciat
523 3393 615 3483 bane,
646 3419 675 3474 et
698 3395 759 3474 non
781 3417 894 3489 peccet.
936 3410 993 3472 Hie
1014 3416 1109 3470 autem

205 3515 245 3578 ab
265 3515 334 3578 aliis
353 3515 477 3590 dieitur,
505 3503 589 3596 quod
612 3517 715 3594 justus
736 3516 859 3595 quidem
882 3516 980 3580 omnis
1000 3522 1108 3594 peccet

206 3621 349 3684 sednon
376 3622 500 3700 quando
527 3624 606 3686 bene
633 3609 712 3685 iacit.
755 3623 870 3700 Quibus
897 3622 1108 3701 respondetur:

202 3727 242 3794 ,Si
268 3726 299 3789 id
321 3729 410 3789 veliet
430 3727 508 3790 haec
529 3731 690 3803 autoritas,
719 3729 791 3808 quid
813 3727 971 3807 superfluit
992 3727 1107 3790 verbis?

205 3830 253 3894 An
273 3829 406 3911 Spiritus
427 3842 553 3897 sanetus
575 3835 740 3903 delectatur
758 3835 946 3915 mottitoqnio
969 3841 998 3898 et
1017 3849 1106 3912 nuga·
1163 3906 1166 3916 ¹

568 3990 581 4028 l
588 4031 590 4038 .
