<?xml version="1.0" encoding="UTF-8"?>
<!DOCTYPE html PUBLIC "-//W3C//DTD XHTML 1.0 Transitional//EN"
    "http://www.w3.org/TR/xhtml1/DTD/xhtml1-transitional.dtd">
<html xmlns="http://www.w3.org/1999/xhtml" xml:lang="en" lang="en">
 <head>
  <title>
</title>
<meta http-equiv="Content-Type" content="text/html;charset=utf-8" />
  <meta name='ocr-system' content='tesseract 3.04.00' />
  <meta name='ocr-capabilities' content='ocr_page ocr_carea ocr_par ocr_line ocrx_word'/>
</head>
<body>
  <div class='ocr_page' id='page_1' title='image "./exegeticaoperal07luthgoog_0193.png"; bbox 0 0 2406 4322; ppageno 0'>
   <div class='ocr_carea' id='block_1_1' title="bbox 60 226 754 355">
    <p class='ocr_par' dir='ltr' id='par_1_1' title="bbox 60 226 754 355">
     <span class='ocr_line' id='line_1_1' title="bbox 60 226 754 355; baseline -0.013 -12"><span class='ocrx_word' id='word_1_1' title='bbox 60 233 77 350; x_wconf 14' lang='grc' dir='ltr'>ἡ,</span> <span class='ocrx_word' id='word_1_2' title='bbox 172 271 234 342; x_wconf 80' lang='lat'>182</span> <span class='ocrx_word' id='word_1_3' title='bbox 372 307 373 318; x_wconf 27' lang='grc' dir='ltr'><strong>κ</strong></span> <span class='ocrx_word' id='word_1_4' title='bbox 507 275 600 355; x_wconf 77' lang='lat' dir='ltr'>capnt</span> <span class='ocrx_word' id='word_1_5' title='bbox 622 226 754 338; x_wconf 77' lang='lat' dir='ltr'>oetamm</span> 
     </span>
    </p>
   </div>
   <div class='ocr_carea' id='block_1_2' title="bbox 84 433 1098 676">
    <p class='ocr_par' dir='ltr' id='par_1_2' title="bbox 84 433 1098 676">
     <span class='ocr_line' id='line_1_2' title="bbox 169 433 1098 532; baseline -0.009 -10"><span class='ocrx_word' id='word_1_6' title='bbox 169 455 398 531; x_wconf 76' lang='lat' dir='ltr'>assevantem,</span> <span class='ocrx_word' id='word_1_7' title='bbox 429 460 461 518; x_wconf 89' lang='lat' dir='ltr'>et</span> <span class='ocrx_word' id='word_1_8' title='bbox 480 455 509 518; x_wconf 84' lang='lat' dir='ltr'>ai</span> <span class='ocrx_word' id='word_1_9' title='bbox 530 439 591 518; x_wconf 74' lang='lat' dir='ltr'>a&#39;iio</span> <span class='ocrx_word' id='word_1_10' title='bbox 611 455 762 528; x_wconf 75' lang='lat' dir='ltr'><strong>evaserit,</strong></span> <span class='ocrx_word' id='word_1_11' title='bbox 804 443 929 532; x_wconf 85' lang='lat' dir='ltr'>eonjieit</span> <span class='ocrx_word' id='word_1_12' title='bbox 958 433 1033 516; x_wconf 87' lang='lat' dir='ltr'>eum</span> <span class='ocrx_word' id='word_1_13' title='bbox 1066 451 1098 514; x_wconf 92' lang='lat' dir='ltr'>in</span> 
     </span>
     <span class='ocr_line' id='line_1_3' title="bbox 84 533 868 676; baseline -0.006 -48"><span class='ocrx_word' id='word_1_14' title='bbox 84 591 89 598; x_wconf 89' lang='lat'>·</span> <span class='ocrx_word' id='word_1_15' title='bbox 168 564 295 676; x_wconf 68' lang='lat' dir='ltr'>heitom,</span> <span class='ocrx_word' id='word_1_16' title='bbox 315 569 350 626; x_wconf 90' lang='lat' dir='ltr'>ut</span> <span class='ocrx_word' id='word_1_17' title='bbox 369 561 412 624; x_wconf 91' lang='lat' dir='ltr'>ibi</span> <span class='ocrx_word' id='word_1_18' title='bbox 434 533 548 639; x_wconf 62' lang='lat' dir='ltr'>tremat.</span> <span class='ocrx_word' id='word_1_19' title='bbox 583 551 750 624; x_wconf 70' lang='lat' dir='ltr'>ssonel&#39;udit</span> <span class='ocrx_word' id='word_1_20' title='bbox 771 551 868 639; x_wconf 80' lang='lat' dir='ltr'>ergo:</span> 
     </span>
    </p>
   </div>
   <div class='ocr_carea' id='block_1_3' title="bbox 169 723 1098 919">
    <p class='ocr_par' dir='ltr' id='par_1_3' title="bbox 169 723 1098 919">
     <span class='ocr_line' id='line_1_4' title="bbox 169 723 1098 830; baseline -0.005 -16"><span class='ocrx_word' id='word_1_21' title='bbox 169 753 261 816; x_wconf 87' lang='lat' dir='ltr'>ideo</span> <span class='ocrx_word' id='word_1_22' title='bbox 294 767 367 815; x_wconf 92' lang='lat' dir='ltr'>non</span> <span class='ocrx_word' id='word_1_23' title='bbox 404 749 552 830; x_wconf 82' lang='lat' dir='ltr'>eripiet</span> <span class='ocrx_word' id='word_1_24' title='bbox 582 731 770 828; x_wconf 80' lang='lat' dir='ltr'>inpietas</span> <span class='ocrx_word' id='word_1_25' title='bbox 803 723 1098 830; x_wconf 72' lang='lat' dir='ltr'>possessorem</span> 
     </span>
     <span class='ocr_line' id='line_1_5' title="bbox 570 867 869 919; baseline -0.01 0"><span class='ocrx_word' id='word_1_26' title='bbox 570 871 691 919; x_wconf 87' lang='lat' dir='ltr'>suum.</span> <span class='ocrx_word' id='word_1_27' title='bbox 854 867 869 874; x_wconf 89' lang='lat'>·</span> 
     </span>
    </p>
   </div>
   <div class='ocr_carea' id='block_1_4' title="bbox 168 1007 1101 1402">
    <p class='ocr_par' dir='ltr' id='par_1_4' title="bbox 168 1007 1101 1402">
     <span class='ocr_line' id='line_1_6' title="bbox 252 1007 1101 1088; baseline -0.006 -14"><span class='ocrx_word' id='word_1_28' title='bbox 252 1013 285 1075; x_wconf 87' lang='lat' dir='ltr'>to</span> <span class='ocrx_word' id='word_1_29' title='bbox 307 1017 370 1074; x_wconf 90' lang='lat' dir='ltr'>est:</span> <span class='ocrx_word' id='word_1_30' title='bbox 411 1010 488 1074; x_wconf 79' lang='lat' dir='ltr'>Esto</span> <span class='ocrx_word' id='word_1_31' title='bbox 508 1025 583 1088; x_wconf 85' lang='lat' dir='ltr'>ergo</span> <span class='ocrx_word' id='word_1_32' title='bbox 605 1010 772 1084; x_wconf 85' lang='lat' dir='ltr'>obediens,</span> <span class='ocrx_word' id='word_1_33' title='bbox 805 1011 855 1074; x_wconf 83' lang='lat' dir='ltr'>iae</span> <span class='ocrx_word' id='word_1_34' title='bbox 882 1007 966 1087; x_wconf 87' lang='lat' dir='ltr'>qnod</span> <span class='ocrx_word' id='word_1_35' title='bbox 993 1008 1101 1070; x_wconf 82' lang='lat' dir='ltr'>iacere</span> 
     </span>
     <span class='ocr_line' id='line_1_7' title="bbox 170 1104 1100 1197; baseline -0.01 -15"><span class='ocrx_word' id='word_1_36' title='bbox 170 1119 284 1191; x_wconf 87' lang='lat' dir='ltr'>debes,</span> <span class='ocrx_word' id='word_1_37' title='bbox 313 1118 388 1197; x_wconf 90' lang='lat' dir='ltr'>quia</span> <span class='ocrx_word' id='word_1_38' title='bbox 408 1118 491 1179; x_wconf 85' lang='lat' dir='ltr'>nuiia</span> <span class='ocrx_word' id='word_1_39' title='bbox 512 1104 567 1178; x_wconf 82' lang='lat' dir='ltr'>tiit</span> <span class='ocrx_word' id='word_1_40' title='bbox 588 1115 758 1194; x_wconf 81' lang='lat' dir='ltr'>redemptio</span> <span class='ocrx_word' id='word_1_41' title='bbox 797 1121 829 1178; x_wconf 84' lang='lat' dir='ltr'>et</span> <span class='ocrx_word' id='word_1_42' title='bbox 859 1112 1025 1192; x_wconf 85' lang='lat' dir='ltr'>impunitas</span> <span class='ocrx_word' id='word_1_43' title='bbox 1055 1113 1100 1174; x_wconf 85' lang='lat' dir='ltr'>ab</span> 
     </span>
     <span class='ocr_line' id='line_1_8' title="bbox 173 1217 1100 1311; baseline -0.009 -23"><span class='ocrx_word' id='word_1_44' title='bbox 173 1223 379 1288; x_wconf 80' lang='lat' dir='ltr'>inobedientia</span> <span class='ocrx_word' id='word_1_45' title='bbox 400 1221 464 1284; x_wconf 91' lang='lat' dir='ltr'>erit.</span> <span class='ocrx_word' id='word_1_46' title='bbox 499 1222 544 1284; x_wconf 85' lang='lat' dir='ltr'>Ne</span> <span class='ocrx_word' id='word_1_47' title='bbox 565 1223 636 1301; x_wconf 87' lang='lat' dir='ltr'>quis</span> <span class='ocrx_word' id='word_1_48' title='bbox 658 1229 744 1301; x_wconf 84' lang='lat' dir='ltr'>putet</span> <span class='ocrx_word' id='word_1_49' title='bbox 766 1237 855 1311; x_wconf 77' lang='lat' dir='ltr'>arne</span> <span class='ocrx_word' id='word_1_50' title='bbox 868 1218 972 1286; x_wconf 82' lang='lat' dir='ltr'>doceri</span> <span class='ocrx_word' id='word_1_51' title='bbox 993 1217 1100 1309; x_wconf 82' lang='lat' dir='ltr'>rabel·</span> 
     </span>
     <span class='ocr_line' id='line_1_9' title="bbox 168 1327 706 1402; baseline -0.011 -8"><span class='ocrx_word' id='word_1_52' title='bbox 168 1332 280 1398; x_wconf 89' lang='lat' dir='ltr'>tionem</span> <span class='ocrx_word' id='word_1_53' title='bbox 302 1337 355 1392; x_wconf 90' lang='lat' dir='ltr'>aut</span> <span class='ocrx_word' id='word_1_54' title='bbox 375 1327 591 1392; x_wconf 77' lang='lat' dir='ltr'>cessationem.</span> <span class='ocrx_word' id='word_1_55' title='bbox 704 1395 706 1402; x_wconf 59' lang='grc'>,</span> 
     </span>
    </p>
   </div>
   <div class='ocr_carea' id='block_1_5' title="bbox 70 1511 1103 1934">
    <p class='ocr_par' dir='ltr' id='par_1_5' title="bbox 70 1511 1103 1934">
     <span class='ocr_line' id='line_1_10' title="bbox 70 1511 1103 1626; baseline -0.008 -18"><span class='ocrx_word' id='word_1_56' title='bbox 70 1613 74 1618; x_wconf 71' lang='grc'>,</span> <span class='ocrx_word' id='word_1_57' title='bbox 170 1513 311 1608; x_wconf 86' lang='lat' dir='ltr'>Omnia</span> <span class='ocrx_word' id='word_1_58' title='bbox 342 1536 440 1602; x_wconf 82' lang='lat' dir='ltr'>haee</span> <span class='ocrx_word' id='word_1_59' title='bbox 474 1511 751 1626; x_wconf 76' lang='lat' dir='ltr'>consideravi,</span> <span class='ocrx_word' id='word_1_60' title='bbox 788 1544 828 1616; x_wconf 74' lang='lat' dir='ltr'>et</span> <span class='ocrx_word' id='word_1_61' title='bbox 869 1535 1000 1614; x_wconf 87' lang='lat' dir='ltr'>adjeoi</span> <span class='ocrx_word' id='word_1_62' title='bbox 1029 1553 1103 1600; x_wconf 88' lang='lat' dir='ltr'>eor</span> 
     </span>
     <span class='ocr_line' id='line_1_11' title="bbox 171 1643 1101 1738; baseline -0.005 -29"><span class='ocrx_word' id='word_1_63' title='bbox 171 1661 293 1723; x_wconf 85' lang='lat' dir='ltr'>meum</span> <span class='ocrx_word' id='word_1_64' title='bbox 315 1645 362 1706; x_wconf 92' lang='lat' dir='ltr'>ad</span> <span class='ocrx_word' id='word_1_65' title='bbox 383 1659 637 1738; x_wconf 36' lang='lat' dir='ltr'>orone&#39;opun</span> <span class='ocrx_word' id='word_1_66' title='bbox 671 1643 774 1724; x_wconf 86' lang='lat' dir='ltr'>quod</span> <span class='ocrx_word' id='word_1_67' title='bbox 807 1643 855 1707; x_wconf 88' lang='lat' dir='ltr'>iit</span> <span class='ocrx_word' id='word_1_68' title='bbox 888 1643 961 1705; x_wconf 90' lang='lat' dir='ltr'>sub</span> <span class='ocrx_word' id='word_1_69' title='bbox 999 1643 1101 1705; x_wconf 85' lang='lat' dir='ltr'>soie.</span> 
     </span>
     <span class='ocr_line' id='line_1_12' title="bbox 105 1733 1103 1828; baseline -0.004 -12"><span class='ocrx_word' id='word_1_70' title='bbox 105 1774 109 1784; x_wconf 75' lang='grc'><em>’</em></span> <span class='ocrx_word' id='word_1_71' title='bbox 169 1753 398 1818; x_wconf 89' lang='lat' dir='ltr'>Dominatur</span> <span class='ocrx_word' id='word_1_72' title='bbox 418 1749 618 1813; x_wconf 88' lang='lat' dir='ltr'>interdum</span> <span class='ocrx_word' id='word_1_73' title='bbox 638 1747 753 1828; x_wconf 86' lang='lat' dir='ltr'>homo</span> <span class='ocrx_word' id='word_1_74' title='bbox 774 1733 922 1824; x_wconf 85' lang='lat' dir='ltr'>homini</span> <span class='ocrx_word' id='word_1_75' title='bbox 949 1747 996 1810; x_wconf 87' lang='lat' dir='ltr'>ad</span> <span class='ocrx_word' id='word_1_76' title='bbox 1023 1763 1103 1813; x_wconf 83' lang='lat' dir='ltr'>ma·</span> 
     </span>
     <span class='ocr_line' id='line_1_13' title="bbox 506 1855 755 1934; baseline 0 -17"><span class='ocrx_word' id='word_1_77' title='bbox 506 1855 582 1917; x_wconf 92' lang='lat' dir='ltr'>ium</span> <span class='ocrx_word' id='word_1_78' title='bbox 615 1855 755 1934; x_wconf 83' lang='lat' dir='ltr'>ipsius</span> 
     </span>
    </p>
   </div>
   <div class='ocr_carea' id='block_1_6' title="bbox 171 2019 1103 2224">
    <p class='ocr_par' dir='ltr' id='par_1_6' title="bbox 171 2019 1103 2224">
     <span class='ocr_line' id='line_1_14' title="bbox 257 2019 1103 2104; baseline 0.001 -13"><span class='ocrx_word' id='word_1_79' title='bbox 257 2019 344 2091; x_wconf 83' lang='lat' dir='ltr'>Nunc</span> <span class='ocrx_word' id='word_1_80' title='bbox 363 2025 442 2092; x_wconf 86' lang='lat' dir='ltr'>redit</span> <span class='ocrx_word' id='word_1_81' title='bbox 469 2026 509 2088; x_wconf 84' lang='lat' dir='ltr'>ad</span> <span class='ocrx_word' id='word_1_82' title='bbox 544 2025 718 2104; x_wconf 80' lang='lat' dir='ltr'><strong>catalogum</strong></span> <span class='ocrx_word' id='word_1_83' title='bbox 747 2041 854 2102; x_wconf 86' lang='lat' dir='ltr'>sunm,</span> <span class='ocrx_word' id='word_1_84' title='bbox 884 2027 995 2090; x_wconf 82' lang='lat' dir='ltr'>iterum</span> <span class='ocrx_word' id='word_1_85' title='bbox 1021 2043 1103 2092; x_wconf 91' lang='lat' dir='ltr'>enu-</span> 
     </span>
     <span class='ocr_line' id='line_1_15' title="bbox 171 2131 1103 2224; baseline 0 -26"><span class='ocrx_word' id='word_1_86' title='bbox 171 2152 293 2200; x_wconf 88' lang='lat' dir='ltr'>merans</span> <span class='ocrx_word' id='word_1_87' title='bbox 314 2133 461 2224; x_wconf 80' lang='lat' dir='ltr'>miserias</span> <span class='ocrx_word' id='word_1_88' title='bbox 483 2131 637 2196; x_wconf 85' lang='lat' dir='ltr'>hnmanae</span> <span class='ocrx_word' id='word_1_89' title='bbox 647 2131 803 2194; x_wconf 88' lang='lat' dir='ltr'>vanitatis.</span> <span class='ocrx_word' id='word_1_90' title='bbox 832 2132 913 2196; x_wconf 88' lang='lat' dir='ltr'>inter</span> <span class='ocrx_word' id='word_1_91' title='bbox 928 2131 1009 2197; x_wconf 84' lang='lat' dir='ltr'>haee</span> <span class='ocrx_word' id='word_1_92' title='bbox 1030 2147 1103 2198; x_wconf 88' lang='lat' dir='ltr'>om-</span> 
     </span>
    </p>
   </div>
   <div class='ocr_carea' id='block_1_7' title="bbox 23 2236 1202 2744">
    <p class='ocr_par' dir='ltr' id='par_1_7' title="bbox 23 2236 1202 2744">
     <span class='ocr_line' id='line_1_16' title="bbox 23 2236 1104 2320; baseline -0.002 -16"><span class='ocrx_word' id='word_1_93' title='bbox 23 2236 25 2246; x_wconf 88' lang='lat'>&#39;</span> <span class='ocrx_word' id='word_1_94' title='bbox 73 2269 74 2276; x_wconf 43' lang='lat'>1</span> <span class='ocrx_word' id='word_1_95' title='bbox 169 2242 235 2312; x_wconf 86' lang='lat' dir='ltr'>nia,</span> <span class='ocrx_word' id='word_1_96' title='bbox 257 2257 338 2320; x_wconf 82' lang='lat' dir='ltr'>quae</span> <span class='ocrx_word' id='word_1_97' title='bbox 359 2239 509 2310; x_wconf 83' lang='lat' dir='ltr'>recensui,</span> <span class='ocrx_word' id='word_1_98' title='bbox 531 2239 624 2300; x_wconf 88' lang='lat' dir='ltr'>etiam</span> <span class='ocrx_word' id='word_1_99' title='bbox 645 2236 707 2302; x_wconf 87' lang='lat' dir='ltr'>hoo</span> <span class='ocrx_word' id='word_1_100' title='bbox 728 2237 800 2312; x_wconf 86' lang='lat' dir='ltr'>vidi,</span> <span class='ocrx_word' id='word_1_101' title='bbox 821 2239 906 2318; x_wconf 89' lang='lat' dir='ltr'>qood</span> <span class='ocrx_word' id='word_1_102' title='bbox 922 2239 1104 2305; x_wconf 71' lang='lat' dir='ltr'>dominatur</span> 
     </span>
     <span class='ocr_line' id='line_1_17' title="bbox 169 2344 1202 2426; baseline 0.003 -17"><span class='ocrx_word' id='word_1_103' title='bbox 169 2345 401 2410; x_wconf 88' lang='lat' dir='ltr'>homohomini</span> <span class='ocrx_word' id='word_1_104' title='bbox 424 2345 598 2407; x_wconf 86' lang='lat' dir='ltr'>admotum</span> <span class='ocrx_word' id='word_1_105' title='bbox 621 2359 721 2409; x_wconf 86' lang='lat' dir='ltr'>suurn.</span> <span class='ocrx_word' id='word_1_106' title='bbox 764 2345 832 2408; x_wconf 81' lang='lat' dir='ltr'>Hoc</span> <span class='ocrx_word' id='word_1_107' title='bbox 867 2344 907 2408; x_wconf 87' lang='lat' dir='ltr'>ad</span> <span class='ocrx_word' id='word_1_108' title='bbox 929 2361 1103 2426; x_wconf 83' lang='lat' dir='ltr'>personam</span> <span class='ocrx_word' id='word_1_109' title='bbox 1201 2383 1202 2388; x_wconf 18' lang='grc' dir='ltr'><strong>κ</strong></span> 
     </span>
     <span class='ocr_line' id='line_1_18' title="bbox 56 2437 1103 2532; baseline 0.004 -20"><span class='ocrx_word' id='word_1_110' title='bbox 56 2497 60 2512; x_wconf 58' lang='lat'><em>„</em></span> <span class='ocrx_word' id='word_1_111' title='bbox 170 2444 341 2516; x_wconf 71' lang='lat' dir='ltr'>storacem</span> <span class='ocrx_word' id='word_1_112' title='bbox 361 2458 411 2513; x_wconf 90' lang='lat' dir='ltr'>est</span> <span class='ocrx_word' id='word_1_113' title='bbox 430 2450 638 2524; x_wconf 78' lang='lat' dir='ltr'>referendum,</span> <span class='ocrx_word' id='word_1_114' title='bbox 669 2451 702 2517; x_wconf 89' lang='lat' dir='ltr'>id</span> <span class='ocrx_word' id='word_1_115' title='bbox 723 2457 789 2525; x_wconf 83' lang='lat' dir='ltr'>ost,</span> <span class='ocrx_word' id='word_1_116' title='bbox 821 2437 929 2530; x_wconf 75' lang='lat' dir='ltr'>saepe&#39;</span> <span class='ocrx_word' id='word_1_117' title='bbox 941 2453 1103 2532; x_wconf 80' lang='lat' dir='ltr'>contingit,</span> 
     </span>
     <span class='ocr_line' id='line_1_19' title="bbox 167 2553 1110 2638; baseline 0.005 -19"><span class='ocrx_word' id='word_1_118' title='bbox 167 2555 255 2636; x_wconf 77' lang='lat' dir='ltr'>qood</span> <span class='ocrx_word' id='word_1_119' title='bbox 275 2562 403 2634; x_wconf 70' lang='lat' dir='ltr'>regnent</span> <span class='ocrx_word' id='word_1_120' title='bbox 425 2557 556 2635; x_wconf 78' lang='lat' dir='ltr'>tyranni,</span> <span class='ocrx_word' id='word_1_121' title='bbox 577 2564 706 2634; x_wconf 77' lang='lat' dir='ltr'>regnent</span> <span class='ocrx_word' id='word_1_122' title='bbox 726 2562 828 2620; x_wconf 87' lang='lat' dir='ltr'>autem</span> <span class='ocrx_word' id='word_1_123' title='bbox 846 2553 891 2636; x_wconf 62' lang='lat' dir='ltr'>&#39;id</span> <span class='ocrx_word' id='word_1_124' title='bbox 913 2557 1110 2638; x_wconf 78' lang='lat' dir='ltr'>affligendos</span> 
     </span>
     <span class='ocr_line' id='line_1_20' title="bbox 64 2649 1103 2744; baseline 0.002 -17"><span class='ocrx_word' id='word_1_125' title='bbox 64 2649 67 2662; x_wconf 83' lang='lat'>&#39;</span> <span class='ocrx_word' id='word_1_126' title='bbox 170 2663 322 2728; x_wconf 82' lang='lat' dir='ltr'>sabditos.</span> <span class='ocrx_word' id='word_1_127' title='bbox 356 2661 394 2724; x_wconf 80' lang='lat' dir='ltr'>iit</span> <span class='ocrx_word' id='word_1_128' title='bbox 414 2657 611 2726; x_wconf 85' lang='lat' dir='ltr'>niiriiominus</span> <span class='ocrx_word' id='word_1_129' title='bbox 633 2653 862 2726; x_wconf 75' lang='lat' dir='ltr'>observandum</span> <span class='ocrx_word' id='word_1_130' title='bbox 885 2671 934 2728; x_wconf 88' lang='lat' dir='ltr'>est</span> <span class='ocrx_word' id='word_1_131' title='bbox 947 2681 986 2728; x_wconf 89' lang='lat' dir='ltr'>os</span> <span class='ocrx_word' id='word_1_132' title='bbox 1001 2665 1103 2744; x_wconf 71' lang='lat' dir='ltr'>regis,</span> 
     </span>
    </p>
   </div>
   <div class='ocr_carea' id='block_1_8' title="bbox 169 2767 1103 2856">
    <p class='ocr_par' dir='ltr' id='par_1_8' title="bbox 169 2767 1103 2856">
     <span class='ocr_line' id='line_1_21' title="bbox 169 2767 1103 2856; baseline 0.003 -24"><span class='ocrx_word' id='word_1_133' title='bbox 169 2774 283 2838; x_wconf 79' lang='lat' dir='ltr'>etnon</span> <span class='ocrx_word' id='word_1_134' title='bbox 315 2767 468 2830; x_wconf 84' lang='lat' dir='ltr'>movenda</span> <span class='ocrx_word' id='word_1_135' title='bbox 500 2767 675 2847; x_wconf 70' lang='lat' dir='ltr'>seditior).</span> <span class='ocrx_word' id='word_1_136' title='bbox 728 2769 805 2832; x_wconf 86' lang='lat' dir='ltr'>Nom</span> <span class='ocrx_word' id='word_1_137' title='bbox 841 2770 962 2856; x_wconf 81' lang='lat' dir='ltr'>etiamsi</span> <span class='ocrx_word' id='word_1_138' title='bbox 993 2771 1103 2835; x_wconf 86' lang='lat' dir='ltr'>bonos</span> 
     </span>
    </p>
   </div>
   <div class='ocr_carea' id='block_1_9' title="bbox 170 2851 1200 2954">
    <p class='ocr_par' dir='ltr' id='par_1_9' title="bbox 170 2851 1200 2954">
     <span class='ocr_line' id='line_1_22' title="bbox 170 2851 1200 2954; baseline 0.006 -18"><span class='ocrx_word' id='word_1_139' title='bbox 170 2875 313 2953; x_wconf 84' lang='lat' dir='ltr'>imperet,</span> <span class='ocrx_word' id='word_1_140' title='bbox 334 2882 436 2940; x_wconf 84' lang='lat' dir='ltr'>tamen</span> <span class='ocrx_word' id='word_1_141' title='bbox 456 2874 539 2938; x_wconf 86' lang='lat' dir='ltr'>nuile</span> <span class='ocrx_word' id='word_1_142' title='bbox 560 2874 663 2954; x_wconf 81' lang='lat' dir='ltr'>gratia</span> <span class='ocrx_word' id='word_1_143' title='bbox 685 2883 741 2950; x_wconf 77' lang='lat' dir='ltr'>est,</span> <span class='ocrx_word' id='word_1_144' title='bbox 763 2883 794 2938; x_wconf 91' lang='lat' dir='ltr'>et</span> <span class='ocrx_word' id='word_1_145' title='bbox 816 2891 876 2940; x_wconf 90' lang='lat' dir='ltr'>non</span> <span class='ocrx_word' id='word_1_146' title='bbox 898 2876 990 2939; x_wconf 88' lang='lat' dir='ltr'>modo</span> <span class='ocrx_word' id='word_1_147' title='bbox 1011 2877 1106 2941; x_wconf 84' lang='lat' dir='ltr'>nulla</span> <span class='ocrx_word' id='word_1_148' title='bbox 1199 2851 1200 2888; x_wconf 64' lang='lat'>³</span> 
     </span>
    </p>
   </div>
   <div class='ocr_carea' id='block_1_10' title="bbox 113 2978 1103 3596">
    <p class='ocr_par' dir='ltr' id='par_1_10' title="bbox 113 2978 1103 3596">
     <span class='ocr_line' id='line_1_23' title="bbox 169 2978 1102 3062; baseline 0.008 -20"><span class='ocrx_word' id='word_1_149' title='bbox 169 2981 276 3060; x_wconf 75' lang='lat' dir='ltr'>gratia</span> <span class='ocrx_word' id='word_1_150' title='bbox 298 2978 467 3042; x_wconf 87' lang='lat' dir='ltr'>sedetiam</span> <span class='ocrx_word' id='word_1_151' title='bbox 489 2978 631 3044; x_wconf 87' lang='lat' dir='ltr'>homines</span> <span class='ocrx_word' id='word_1_152' title='bbox 652 2982 713 3062; x_wconf 88' lang='lat' dir='ltr'>ipsi</span> <span class='ocrx_word' id='word_1_153' title='bbox 733 2980 809 3056; x_wconf 80' lang='lat' dir='ltr'>flant</span> <span class='ocrx_word' id='word_1_154' title='bbox 830 2981 1007 3054; x_wconf 85' lang='lat' dir='ltr'>deteriores,</span> <span class='ocrx_word' id='word_1_155' title='bbox 1029 2985 1102 3049; x_wconf 79' lang='lat' dir='ltr'>sic.-</span> 
     </span>
     <span class='ocr_line' id='line_1_24' title="bbox 168 3087 1103 3168; baseline 0.002 -18"><span class='ocrx_word' id='word_1_156' title='bbox 168 3093 202 3150; x_wconf 85' lang='lat' dir='ltr'>ot</span> <span class='ocrx_word' id='word_1_157' title='bbox 236 3101 316 3147; x_wconf 88' lang='lat' dir='ltr'>nuno</span> <span class='ocrx_word' id='word_1_158' title='bbox 351 3087 463 3164; x_wconf 74' lang='lat' dir='ltr'>vulgus</span> <span class='ocrx_word' id='word_1_159' title='bbox 503 3087 663 3166; x_wconf 64' lang='lat' dir='ltr'>litteratum</span> <span class='ocrx_word' id='word_1_160' title='bbox 692 3105 712 3152; x_wconf 85' lang='lat' dir='ltr'>a</span> <span class='ocrx_word' id='word_1_161' title='bbox 740 3087 862 3168; x_wconf 83' lang='lat' dir='ltr'>legibus</span> <span class='ocrx_word' id='word_1_162' title='bbox 898 3094 929 3150; x_wconf 84' lang='lat' dir='ltr'>et</span> <span class='ocrx_word' id='word_1_163' title='bbox 963 3090 1103 3154; x_wconf 89' lang='lat' dir='ltr'>vineuiis</span> 
     </span>
     <span class='ocr_line' id='line_1_25' title="bbox 168 3185 1102 3274; baseline -0.001 -17"><span class='ocrx_word' id='word_1_164' title='bbox 168 3190 323 3270; x_wconf 74' lang='lat' dir='ltr'>pontificis</span> <span class='ocrx_word' id='word_1_165' title='bbox 337 3185 424 3268; x_wconf 81' lang='lat'><strong>1¹²).</strong></span> <span class='ocrx_word' id='word_1_166' title='bbox 476 3193 680 3272; x_wconf 76' lang='lat' dir='ltr'>Tyrannidem</span> <span class='ocrx_word' id='word_1_167' title='bbox 712 3211 820 3258; x_wconf 89' lang='lat' dir='ltr'>omnes</span> <span class='ocrx_word' id='word_1_168' title='bbox 859 3194 984 3274; x_wconf 82' lang='lat' dir='ltr'>eupiunt</span> <span class='ocrx_word' id='word_1_169' title='bbox 1011 3195 1102 3272; x_wconf 86' lang='lat' dir='ltr'>tolti;</span> 
     </span>
     <span class='ocr_line' id='line_1_26' title="bbox 167 3296 1101 3378; baseline 0.002 -18"><span class='ocrx_word' id='word_1_170' title='bbox 167 3296 519 3372; x_wconf 73' lang='lat' dir='ltr'>intromitterentur,</span> <span class='ocrx_word' id='word_1_171' title='bbox 545 3315 584 3361; x_wconf 83' lang='lat' dir='ltr'>ne</span> <span class='ocrx_word' id='word_1_172' title='bbox 615 3299 677 3364; x_wconf 88' lang='lat' dir='ltr'>hoo</span> <span class='ocrx_word' id='word_1_173' title='bbox 705 3299 829 3378; x_wconf 82' lang='lat' dir='ltr'>quidem</span> <span class='ocrx_word' id='word_1_174' title='bbox 863 3300 989 3363; x_wconf 65' lang='lat' dir='ltr'>ierunt*</span> <span class='ocrx_word' id='word_1_175' title='bbox 1013 3299 1101 3366; x_wconf 85' lang='lat' dir='ltr'>Gon-</span> 
     </span>
     <span class='ocr_line' id='line_1_27' title="bbox 113 3403 1101 3484; baseline 0.006 -18"><span class='ocrx_word' id='word_1_176' title='bbox 113 3442 116 3453; x_wconf 86' lang='lat'><em>·</em></span> <span class='ocrx_word' id='word_1_177' title='bbox 168 3403 251 3466; x_wconf 85' lang='lat' dir='ltr'>oedit</span> <span class='ocrx_word' id='word_1_178' title='bbox 271 3419 346 3481; x_wconf 83' lang='lat' dir='ltr'>ergo</span> <span class='ocrx_word' id='word_1_179' title='bbox 375 3404 475 3469; x_wconf 86' lang='lat' dir='ltr'>maios</span> <span class='ocrx_word' id='word_1_180' title='bbox 504 3419 576 3468; x_wconf 86' lang='lat' dir='ltr'>esse</span> <span class='ocrx_word' id='word_1_181' title='bbox 605 3405 818 3483; x_wconf 77' lang='lat' dir='ltr'>magistratus,</span> <span class='ocrx_word' id='word_1_182' title='bbox 851 3404 890 3467; x_wconf 87' lang='lat' dir='ltr'>ad</span> <span class='ocrx_word' id='word_1_183' title='bbox 919 3407 1101 3484; x_wconf 89' lang='lat' dir='ltr'>puniendos</span> 
     </span>
     <span class='ocr_line' id='line_1_28' title="bbox 168 3507 927 3596; baseline 0.001 -24"><span class='ocrx_word' id='word_1_184' title='bbox 168 3509 325 3582; x_wconf 85' lang='lat' dir='ltr'>subditos,</span> <span class='ocrx_word' id='word_1_185' title='bbox 346 3507 404 3572; x_wconf 89' lang='lat' dir='ltr'>sed</span> <span class='ocrx_word' id='word_1_186' title='bbox 426 3516 526 3572; x_wconf 85' lang='lat' dir='ltr'>tamen</span> <span class='ocrx_word' id='word_1_187' title='bbox 548 3508 608 3574; x_wconf 88' lang='lat' dir='ltr'>hos</span> <span class='ocrx_word' id='word_1_188' title='bbox 629 3527 755 3596; x_wconf 85' lang='lat' dir='ltr'>quoque</span> <span class='ocrx_word' id='word_1_189' title='bbox 775 3511 927 3576; x_wconf 82' lang='lat' dir='ltr'>terendos</span> 
     </span>
    </p>
   </div>
   <div class='ocr_carea' id='block_1_11' title="bbox 166 3673 382 3696">
    <p class='ocr_par' dir='ltr' id='par_1_11' title="bbox 166 3673 382 3696">
     <span class='ocr_line' id='line_1_29' title="bbox 166 3673 382 3696; baseline -0.009 0"><span class='ocrx_word' id='word_1_190' title='bbox 166 3673 382 3696; x_wconf 53' lang='lat' dir='ltr'>and-m-</span> 
     </span>
    </p>
   </div>
   <div class='ocr_carea' id='block_1_12' title="bbox 220 3750 793 3954">
    <p class='ocr_par' dir='ltr' id='par_1_12' title="bbox 220 3750 793 3954">
     <span class='ocr_line' id='line_1_30' title="bbox 220 3750 792 3878; baseline 0.01 -42"><span class='ocrx_word' id='word_1_191' title='bbox 220 3783 272 3878; x_wconf 73' lang='lat' dir='ltr'>¹g)</span> <span class='ocrx_word' id='word_1_192' title='bbox 290 3781 458 3852; x_wconf 72' lang='lat' dir='ltr'>iiagirtrriur</span> <span class='ocrx_word' id='word_1_193' title='bbox 476 3785 538 3840; x_wconf 80' lang='lat' dir='ltr'>mali</span> <span class='ocrx_word' id='word_1_194' title='bbox 556 3785 661 3843; x_wconf 76' lang='lat' dir='ltr'>ferendi</span> <span class='ocrx_word' id='word_1_195' title='bbox 682 3750 792 3860; x_wconf 61' lang='lat' dir='ltr'>(iiio).</span> 
     </span>
     <span class='ocr_line' id='line_1_31' title="bbox 238 3873 793 3954; baseline 0.002 -24"><span class='ocrx_word' id='word_1_196' title='bbox 238 3873 468 3946; x_wconf 66' lang='lat' dir='ltr'>introitionis</span> <span class='ocrx_word' id='word_1_197' title='bbox 488 3876 567 3954; x_wconf 67' lang='lat' dir='ltr'>titt.</span> <span class='ocrx_word' id='word_1_198' title='bbox 791 3899 793 3906; x_wconf 58' lang='lat'><strong><em>¹</em></strong></span> 
     </span>
    </p>
   </div>
   <div class='ocr_carea' id='block_1_13' title="bbox 1185 4169 1194 4279">
    <p class='ocr_par' dir='ltr' id='par_1_13' title="bbox 1185 4169 1194 4279">
     <span class='ocr_line' id='line_1_32' title="bbox 1185 4169 1194 4279; baseline 0 0"><span class='ocrx_word' id='word_1_199' title='bbox 1185 4169 1194 4279; x_wconf 85' lang='lat' dir='ltr'>i</span> 
     </span>
    </p>
   </div>
   <div class='ocr_carea' id='block_1_14' title="bbox 0 0 1208 4322">
    <p class='ocr_par' dir='ltr' id='par_1_14' title="bbox 0 0 1208 4322">
     <span class='ocr_line' id='line_1_33' title="bbox 0 0 1208 4322; baseline 0 0"><span class='ocrx_word' id='word_1_200' title='bbox 0 0 1208 4322; x_wconf 95' lang='lat' dir='ltr'> </span> 
     </span>
    </p>
   </div>
  </div>
 </body>
</html>
