2406 4322
325 233 510 338 sutertona
531 276 702 342 Salomonis
784 237 790 244 r
915 239 1014 342 193¹
1079 357 1092 367 ⁸

74 454 287 534 desperandum
312 460 360 516 est
386 454 426 518 de
439 453 533 517 xtrivia
550 429 588 520 nt
602 451 678 536 ¹⁸⁸)
708 455 748 519 de
768 457 917 530 mortuis..
936 455 975 518 de

74 561 177 641 quibus
203 560 282 624 nulia
310 577 384 638 spes
413 560 520 622 heberi
546 568 657 640 potest.
699 560 975 626 Perierendaeirn·

74 665 262 745 portunitates
282 664 453 740 hominum,
479 683 538 730 nee
558 675 606 730 est
633 666 672 730 de
698 661 851 742 omnibus.
865 653 976 746 despe-
1082 707 1085 732 ι

72 771 198 868 randum,
218 771 309 834 etiam
330 772 358 834 si
371 772 461 835 -mutti
483 779 555 835 sunt
576 771 693 849 perditi,
719 807 726 815 -

72 916 252 1014 Quoniam
285 939 398 1001 oanis
437 938 553 1000 virne
591 937 729 1000 melior
766 946 826 998 est
863 939 975 999 tenne

437 1048 598 1104 mortuo.

142 1169 338 1233 proverbium
366 1169 532 1244 interserit,
562 1177 592 1232 et
619 1171 684 1230 vult
712 1169 827 1230 dicere:
858 1167 974 1230 Sutiieit
1029 1215 1036 1236 ,

69 1277 193 1356 aliquam
213 1282 331 1354 partem
354 1277 505 1351 corrigere
526 1275 556 1336 in
578 1275 700 1348 mondo,
722 1273 907 1336 sient'ennis
928 1275 974 1336 vi·
1052 1306 1057 1318 ι

69 1400 129 1456 vus,
146 1380 341 1470 quantumvis
355 1386 560 1458 contemptum
577 1377 697 1453 animat,
710 1386 847 1456 praestat
862 1397 973 1457 magno

68 1487 201 1552 cadaveri
222 1485 428 1549 robustissimi
448 1486 554 1550 leonis.
597 1486 663 1548 Hor
682 1500 740 1547 nos
760 1486 807 1546 sio
827 1485 973 1547 dicimus:

67 1594 176 1658 Metius,
196 1601 245 1654 est
273 1592 301 1652 in
334 1591 474 1654 manibus
508 1605 631 1668 passer,
669 1606 762 1670 qnam
788 1590 847 1680 sub¹
879 1591 973 1653 dubio

66 1715 149 1776 gros3
176 1698 249 1758 item
279 1697 465 1774 germanice:
503 1691 585 1762 ffiiotr
615 1692 667 1775 [ott
699 1694 756 1764 bot
787 1691 866 1762 &inb
900 1694 973 1774 nirit
1018 1729 1020 1737 ·

65 1804 113 1869 nit
131 1799 194 1869 irin
214 1799 285 1870 {iob
308 1798 476 1884 ouinieirrr.
875 1797 879 1802 '
912 1785 914 1792 ’

65 1968 249 2044 Quoniam
279 1967 464 2028 viventes
485 1961 719 2048 ¹saiont¹⁸⁴)
749 1982 791 2029 se
812 1968 974 2030 moritu-

63 2089 139 2148 ros,
176 2072 319 2136 mortui
354 2078 477 2135 autern
504 2070 601 2134 nihii
624 2063 762 2134 'sciunt
790 2072 973 2150 amplius,

63 2185 95 2239 et
113 2195 183 2240 non
205 2185 267 2240 est
287 2179 346 2240 ais
370 2191 538 2252 merees;
562 2175 757 2238 oblivioni
777 2178 877 2239 enim
898 2185 973 2238 tra·

63 2284 138 2345 dita
168 2291 231 2347 est
260 2283 442 2344 memoria
467 2298 610 2354 eornm,
645 2299 772 2362 neque
801 2284 972 2360 amptius

62 2395 244 2460 amantur,
273 2396 338 2450 aut
359 2387 447 2449 odio
474 2385 682 2460 habentur,
715 2396 783 2451 aut
810 2389 892 2450 iilis
913 2389 973 2448 in-

62 2491 389 2572 videtur‚'neque'
415 2501 562 2571 partem
592 2500 807 2571 praeterea
827 2492 972 2556 habent

60 2601 93 2660 in
115 2599 269 2670 mundo,
290 2599 326 2660 in
343 2598 522 2662 omnibns
546 2614 649 2682 quae
666 2600 766 2662 iiunt
786 2599 856 2663 sub
876 2601 971 2662 sote

136 2753 298 2824 Viventes,
327 2753 436 2831 inquit,
458 2755 559 2816 sciunt
581 2769 616 2814 se
639 2755 817 2825 morituros,
849 2754 917 2815 ideo
941 2755 970 2814 in

64 2857 120 2919 vita
139 2866 263 2923 utuntur
283 2859 343 2928 ista
363 2876 429 2937 spe.
472 2859 516 2922 Ne
549 2875 622 2936 ergo
644 2857 783 2922 differant
809 2859 918 2926 dadie
940 2861 970 2920 in
1077 2843 1086 2866 ⁰

63 2962 135 3026 diem
157 2965 277 3043 operari
299 2980 355 3040 seu
376 2964 572 3050 benefacere,
605 2965 685 3027 sieut
713 2964 794 3028 stulti
817 2981 854 3028 ao
876 2967 971 3028 motti·

62 3069 117 3130 ooli
133 3070 254 3144 iaciunt,
276 3071 328 3149 qui
352 3087 473 3148 semper
491 3071 658 3149 respiciunt
678 3072 804 3134 aliorum
822 3069 969 3152 exempla,

62 3189 118 3236 non
130 3175 215 3254 prius
227 3184 308 3238 rente
322 3175 436 3249 tacturi,
452 3161 514 3241 nisi
532 3175 609 3240 alios
627 3176 749 3241 viduant
765 3184 845 3238 reete
860 3180 969 3239 faeere.

62 3337 198 3402 Mortui
220 3349 346 3404 autem
368 3340 468 3404 nihii
490 3343 621 3404 sciunt
646 3343 815 3420 amptius
843 3350 880 3405 et
898 3357 968 3412 non

277 3454 338 3509 esi
358 3447 396 3512 in
413 3443 488 3526 ¹⁸⁵)
513 3447 570 3510 eis
593 3460 748 3509 merces.
829 3483 832 3490 ·

141 3561 243 3652 inepte
274 3577 362 3639 torsit
389 3575 471 3639 inune
504 3579 604 3639 locum
632 3553 833 3653 Hieronymus
847 3581 898 3653 a),
928 3581 967 3640 ad
1013 3633 1015 3639 ,
1075 3647 1077 3652 ,
1167 3663 1169 3672 Ι

66 3685 366 3820 metonymian.
438 3757 441 3778 ¹
1022 3771 1028 3780 “

131 3843 199 3914 18³)
217 3855 253 3900 et.
291 3844 355 3912 tet)
367 3845 452 3902 sciunt
463 3845 571 3914 (15³2),
606 3844 675 3915 185)
694 3845 758 3914 „in“
773 3845 847 3903 dreit
857 3845 967 3918 (1532).
1014 3846 1015 3854 ’

84 3928 176 4004 tratur
190 3954 247 4014 Ono.
260 3966 321 4012 mg.
335 3955 386 4000 Vni.
401 3953 459 4001 XXi·
723 3949 761 4015 13
