2484 4320
347 245 534 326 Ecclesiaslne
555 266 727 330 Salomonis.
957 265 1000 335 85

102 443 240 522 saluregi
260 442 396 530 humana
417 448 587 520 nolunune,
610 449 667 511 sed
688 449 739 527 qui
762 419 999 512 creavit-omnia

101 555 169 616 idem
189 567 311 629 quoque
331 552 410 627 regit
430 557 489 614 suc
511 553 642 617 nrbilric

115 717 148 780 ld
167 717 280 779 eliam
303 690 442 778 vanum
462 725 526 780 est
548 726 583 780 el
604 720 776 783 aliliclie
800 721 978 800 spiritus.

168 869 198 931 Si
218 868 334 932 scilicet
354 869 431 932 velis
454 871 566 932 mederi
588 871 638 933 isli
650 872 782 934 invidlse
803 880 834 935 el
853 873 998 955 pessimis

97 977 191 1047 rebus,
223 975 290 1038 siue
318 977 387 1039 illos
418 975 569 1050 invidere,
602 978 763 1057 impedire,
795 979 863 1042 sine
895 980 998 1060 inique

97 1099 190 1160 agene,
217 1082 245 1145 si
267 1080 409 1146 dominus
433 1084 480 1146 uli
501 1084 584 1146 volel
609 1091 663 1146 lua
690 1100 785 1164 opera
809 1091 840 1148 el
862 1085 998 1158 consilio,

95 1188 173 1252 laclel
186 1205 245 1250 sna
257 1187 336 1250 hora
345 1195 376 1251 el
388 1189 465 1262 laco,
478 1187 558 1252 hane
568 1197 723 1268 exspecta.
746 1191 798 1253 Sic
808 1193 837 1253 si
851 1187 995 1272 nuncu)

96 1296 165 1358 velet
192 1290 322 1356 servare
347 1295 448 1357 studia
476 1302 506 1357 et
531 1296 674 1370 schalas,
710 1297 794 1359 novit
820 1303 940 1375 tempus
968 1303 999 1357 et

94 1417 249 1481 personae,
281 1401 394 1479 quibus
428 1402 459 1463 id
494 1401 620 1476 efficiet,
653 1419 710 1466 nos
744 1420 825 1483 quos
853 1411 996 1482 nummus

93 1507 171 1570 uliles
190 1507 221 1569 in
244 1505 306 1570 hnc
326 1525 423 1588 saepe
444 1517 516 1574 sunl
536 1509 815 1574 incommodissimi.

42 1709 43 1713 =
93 1673 237 1736 Slullus
253 1675 469 1754 complicat
485 1693 621 1740 manus
642 1694 755 1750 sunus,
777 1673 997 1768 eteomedil

283 1869 286 1876 ι
393 1798 546 1846 carnem
568 1799 680 1846 suam.

161 1929 318 2011 stellari)
347 1931 409 1997 hoc
429 1933 498 1996 loco
513 1893 685 2013 significat,
712 1949 771 1997 non
800 1939 834 1996 ut
855 1947 913 1994 nos
934 1933 997 1995 lere
1094 1929 1098 1948 ¹

91 2038 277 2117 intelligimus
310 2039 478 2114 munionem
509 2048 562 2102 aul
595 2039 725 2113 saluum,
758 2037 814 2100 sed
842 2035 994 2101 hominem

91 2145 204 2223 impium
228 2153 258 2208 el
279 2145 381 2220 nihili,
411 2164 503 2227 quem
525 2147 696 2225 germanice
717 2145 864 2207 dicimus:
898 2139 997 2209 (sinen
1043 2233 1048 2244 ·
1090 2137 1093 2144 '

82 2357 142 2437 -qui'
161 2373 231 2420 cum
259 2358 320 2436 ipsi
348 2357 421 2422 nihil
443 2357 578 2438 possint,
607 2349 684 2421 alios
710 2365 811 2420 lamen
833 2339 997 2420 obturbant
1053 2338 1057 2346 ’

91 2471 116 2527 el
139 2463 323 2543 impediunt,
354 2466 431 2527 tales
460 2465 539 2528 enim
567 2457 708 2550 hemines
735 2463 833 2536 nihili,
864 2463 930 2524 siue
950 2461 996 2523 iu-

90 2569 197 2634 duslria
224 2576 255 2632 ei
275 2570 397 2650 ingenio
423 2572 463 2633 ad
492 2570 574 2640 nihil,
592 2557 715 2645 vivunt,
744 2569 802 2632 nisi
823 2576 856 2631 ul
877 2557 996 2630 melesii
1108 2634 1113 2647 Ι

90 2660 241 2751 εἰηιίιὶὶἱε,
264 2678 356 2751 sicul,
378 2679 429 2756 qui
447 2679 534 2740 male.
551 2676 668 2740 docenl'
683 2684 735 2739 aul
748 2665 890 2746 ¹discunt,
914 2669 996 2736 slulli

89 2791 116 2847 el
129 2785 241 2848 indocll
258 2769 500 2856 concionatores,
521 2785 576 2856 sic,
589 2791 625 2846 el
640 2784 716 2844 inler
733 2781 864 2844 arlillces
885 2779 945 2841 luci
955 2775 994 2856 k)

88 2891 136 2965 illl,
157 2908 238 2971 quos
261 2907 411 2955 vocamus
431 2887 613 2978 &umnelin
633 2889 687 2968 qui
707 2893 821 2952 lanium
841 2887 919 2949 alios
940 2885 996 2947 inr-
1113 2950 1123 2962 ,

89 2997 221 3078 peliunt,
252 3013 321 3061 cum
350 2997 412 3078 ipsi
439 2996 512 3059 nihil
541 3005 623 3060 recle
650 2994 769 3060 lacianl„
813 2995 903 3056 Tales
925 2999 996 3056 suut
1048 3003 1051 3008 ⁴

89 3105 115 3166 in
135 3106 314 3182 magistratu
341 3103 557 3182 impedimenta
582 3099 784 3182 reipublicae,
816 3108 848 3163 ul
868 3100 909 3162 illi
930 3117 995 3160 ma·

87 3209 162 3272 xime
183 3211 305 3274 turbent
326 3209 555 3298 rempublicam,
576 3207 677 3272 studia
698 3215 728 3269 el
748 3207 807 3268 alia
825 3205 921 3278 bona,
942 3203 994 3286 qui

88 3317 214 3380 maxime
243 3315 353 3394 juvare
380 3316 589 3395 sperabuntur.
639 3313 690 3376 Sic
718 3312 801 3376 slulli
833 3311 996 3374 conciona-

88 3430 167 3488 lares
200 3423 272 3502 plus
309 3421 479 3502 impediunt
512 3419 717 3500 evangelium,
761 3435 854 3498 quam
891 3423 995 3496 aperte

90 3529 233 3608 evangelii
254 3525 371 3600 hosles.

156 3772 180 3839 l)
193 3768 309 3856 ¹Serulius.
362 3767 396 3838 k)
415 3769 537 3824 Arlillcer
554 3765 628 3821 Fuci.
699 3799 716 3823 .,
742 3835 746 3842 Ι

157 3864 204 3937 65)
223 3879 286 3919 nou.
