2386 4316
118 270 123 280 ¹
384 191 693 290 Canticicenticorum.
739 163 751 248 ζ
920 169 985 254 335
1039 157 1044 167 “
1097 184 1138 233 ’,

73 380 109 436 ut
130 371 313 440 consentiret
333 373 414 447 Deo,
441 387 480 437 ne
502 323 715 445 nurnnuct,
738 369 801 434 scd
816 369 986 465 adnitteret

71 495 211 558 poenann
229 486 259 542 ct
272 469 378 548 ier'rel.
983 505 985 513 ι

276 631 354 692 Al
373 627 443 692 ille
465 627 749 691 declinaverat.

156 767 212 828 Hic
233 737 394 829 intenditur
407 765 532 828 tentatio
553 769 584 826 el
605 755 738 841 augetur,
761 763 843 843 quod
863 761 990 853 videtur,

71 872 157 934 Deus
180 889 237 934 nos
258 873 427 950 relinquere
448 872 478 933 in
499 870 576 949 ipsis
597 871 703 943 malie,
736 885 837 948 neque
859 867 982 932 offertur
1003 955 1005 964 Α

72 978 178 1056 aliqua
200 979 369 1042 consolatio
390 979 493 1040 fessae
514 977 614 1052 menti.
679 1062 681 1066 Ι

243 1132 380 1215 Anima
401 1147 484 1193 mee
502 1129 722 1210 liquefacta
741 1117 834 1195 est.¹

85 1266 87 1274 ’
153 1265 985 1366 Verbumsignificat:egressaest,quasidica‘tzlanla

68 1393 300 1472 exspectatione
315 1400 427 1465 teneor,
441 1399 475 1454 ut
488 1391 589 1455 animo
602 1407 701 1470 paene
714 1391 841 1482 linquar.
863 1384 984 1455 Nullum

54 1500 170 1586 'sentio
192 1498 351 1574 auxilinm,
372 1498 471 1561 solum
499 1496 627 1561 verbum
645 1513 736 1560 suurn
760 1497 881 1578 reliquit
900 1493 982 1569 rnilri.

68 1602 101 1664 in
124 1621 161 1668 eo
183 1603 304 1680 haereo,
326 1611 360 1668 ut
379 1619 478 1686 paene
498 1601 637 1696 deficiam
658 1611 715 1666 etc.
815 1601 817 1605 ”

67 1772 315 1837 Invenerunt
340 1785 396 1834 nnc
423 1769 626 1845 custodes,
655 1769 974 1868 qei'circumeunt

414 1876 628 1941 civitatem.
949 1887 951 1892 ’

152 2031 304 2094 Custodes
317 2027 354 2110 *l
384 2029 436 2093 hic
467 2009 599 2110 intellige
629 2031 770 2094 doctores
787 2019 895 2108 legis,
926 2003 987 2121 qui
1083 2043 1086 2051 ‘

66 2155 129 2199 non
159 2138 369 2209 consolentur,
402 2137 459 2200 sed
494 2139 594 2217 magis
621 2123 745 2209 terrent,
778 2144 808 2199 et
834 2135 980 2213 objiciunt
1028 2185 1032 2206 ,

69 2250 215 2321 peccata,
237 2243 317 2305 sicut
337 2241 407 2303 illi
399 2259 429 2303 ιιι
450 2243 543 2316 Ilico,
578 2261 647 2306 curn
668 2229 819 2308 consolari
840 2243 980 2316 debeant,

68 2351 223 2412 damnant.
265 2349 400 2411 Possunt
420 2349 566 2412 custodes
588 2366 712 2430 quoque
742 2346 842 2428 accipi
862 2365 917 2426 pro
939 2347 977 2409 ils
1057 2363 1059 2368 ·

67 2441 255 2528 doctoribus,
277 2457 329 2536 qui
351 2455 380 2515 in
393 2454 564 2516 calamitate
585 2455 838 2534 vanapraesidia
860 2455 978 2530 docent,

67 2562 183 2642 quibus
204 2562 372 2642 innitamur.
415 2559 501 2622 Sicut
528 2560 610 2636 apud
637 2577 694 2623 nes
728 2562 847 2623 luerunt
877 2563 976 2644 ¹cultus
1047 2630 1053 2638 Μ

65 2675 257 2743 sanctorum,
279 2663 496 2745 indulgentiae,
519 2673 549 2727 cl
571 2667 648 2728 allae
669 2665 844 2742 hnjusmodi
866 2666 977 2745 impiae
1013 2689 1016 2695 ·

63 2791 180 2852 nugae.

150 2881 212 2944 Sed
241 2877 344 2944 aillicti
371 2879 461 2942 enimi
484 2894 543 2941 non
566 2883 697 2957 possunt
718 2878 806 2954 erigi,
839 2877 896 2940 uisi
924 2891 980 2955 per

62 2987 196 3049 verbum
226 2987 340 3064 gratiae
353 2983 428 3066 iil:
466 2977 573 3049 Omnia
594 2984 654 3046 alia
673 2985 782 3046 solatia
804 3001 864 3046 non
886 2985 977 3047 modo

63 3111 127 3156 non
146 3091 263 3169 juvant,
286 3093 340 3156 sed
364 3092 460 3154 etiarnx
479 3091 575 3172 (sicut
595 3089 645 3151 hic
667 3092 861 3168 conqueritur
882 3089 977 3152 afilia·

65 3206 118 3260 tus
141 3198 293 3278 populus)
312 3190 416 3276 ¹magis
438 3199 610 3270 vulnerant,
633 3204 662 3257 el
684 3197 836 3259 cumulant
857 3197 940 3259 iram.

161 3323 172 3395 .'
209 3345 358 3426 adjuro
380 3365 460 3424 vos,
481 3347 591 3412 filiae
612 3345 838 3410 Jerusalem.
874 3379 876 3388 ,
992 3333 994 3347 '

143 3487 281 3565 Sponsa,
303 3485 352 3546 vel
367 3481 500 3563 populus
522 3483 551 3544 in
574 3482 737 3546 tentatione
757 3483 886 3560 positar,
908 3483 974 3544 sive

65 3610 104 3655 ea
133 3593 174 3656 sit
203 3589 366 3669 eaptivitas
393 3589 596 3694 Babylonica,
629 3589 697 3652 sive
729 3590 787 3651 alia
816 3588 975 3668 quaedam,

62 3711 278 3728 ..u——

138 3765 328 3861 *ponendos
404 3766 454 3838 ”J
474 3751 591 3826 lernen
608 3765 710 3838 patna
726 3761 885 3828 mauman.
949 3767 978 3790 ·’
1031 3775 1033 3782 ·
