2406 4322
153 355 157 364 Ι
186 251 250 326 121
471 263 475 270 ’
498 265 588 341 caput
610 241 790 337 neretum

188 439 385 505 ordinationis
421 451 474 506 aut
504 443 694 526 instaurator.
753 445 815 508 Sed
844 417 1105 538 quemadmodum

187 548 273 622 illos,
299 549 342 612 ita
363 554 394 610 el
420 556 449 612 te
481 550 579 628 arguit
600 551 683 615 Deus
705 551 736 612 iu
758 545 931 631 scripturis,
962 535 997 614 'ut
1016 558 1050 612 el
1071 558 1107 614 ιιι

77 735 81 746 ,
186 655 318 721 cilicium
348 663 433 740 tuum
454 658 582 736 agust).
626 657 737 728 Verum
766 666 797 722 ιιι
819 657 931 721 oblitus
953 658 1049 720 trabis
1072 659 1103 718 iu

185 765 273 826 oculo
306 771 358 825 tuo
380 763 489 840 incipis
510 763 613 828 videre
642 766 789 828 festucam
823 765 852 826 in
874 767 964 828 oculo
993 765 1106 835 alieno,

183 877 214 942 cl
234 859 387 948 corripe're
408 871 592 948 superiores,
610 880 633 931 'a
645 873 768 966 ‘quibus
789 879 821 933 tu
843 873 945 949 potius
971 887 1107 947 arguen-

66 963 69 972 ’
185 976 244 1040 dus
265 992 309 1040 es.
352 973 389 1036 tu
410 976 436 1037 si
458 983 490 1058 tu
511 977 649 1054 ipsorum
671 993 780 1040 munus
803 977 988 1050 sustineres,
1009 977 1105 1052 longe

184 1085 271 1162 plura
292 1096 455 1160 peccares,
478 1088 508 1143 et
528 1097 566 1142 ue
588 1083 638 1144 illa
659 1083 782 1161 quidem
804 1091 995 1161 praestares,
1018 1075 1105 1160 qu'ae

153 1233 155 1248 .
182 1187 223 1250 illi
251 1195 415 1270 praestant.
455 1187 625 1250 Audiamus
657 1205 731 1266 ergo
759 1188 915 1268 quomodo
943 1189 1066 1252 Deus
1058 1204 1106 1248 rn-

182 1298 286 1374 cr'epet
308 1295 516 1374 magistratus
544 1310 605 1355 non
627 1300 729 1356 autem
749 1294 900 1356 imitemur
919 1293 973 1356 hic
991 1295 1102 1356 Deum.

261 1399 319 1464 Est
340 1417 413 1479 ergo
435 1373 603 1464 sententia:
632 1399 701 1462 Dixi
723 1400 816 1463 mrdta
838 1399 877 1462 dc
898 1399 1101 1478 principibus,

181 1508 337 1588 quomodo
359 1505 487 1586 perdant
508 1505 661 1580 mundum,

179 1677 231 1744 Tu
252 1636 377 1738 autem
406 1641 508 1754 apud¹
536 1681 573 1736 ta
600 1675 688 1738 sive
711 1635 754 1736 *in
776 1673 896 1736 eorde
922 1680 990 1754 tue
1017 1690 1097 1754 ¹non

180 1781 396 1845 maledicos
417 1781 514 1858 regi,
535 1795 659 1860 neque
680 1780 718 1841 iu
735 1792 890 1844 camere
912 1779 1098 1842 cubiculi

535 1887 591 1948 tui
618 1885 740 1974 diuiti.

260 2041 293 2104 ld
315 2048 377 2105 est:
410 2041 555 2120 quisunt
580 2043 610 2103 in
632 2047 784 2120 potestate
806 2039 978 2113 constituti,
1006 2057 1097 2109 reve-

178 2149 263 2230 rendi
291 2154 376 2222 sunt,
413 2148 486 2227 quia
514 2164 574 2210 nou
602 2145 812 2210 esl'humanb
839 2147 1009 2227 ordinatio,
1037 2148 1095 2210 sed

114 2241 142 2321 '.
177 2255 290 2342 divina.
349 2255 484 2318 Tametsi
517 2254 625 2316 Petrus
643 2251 679 2332 1¹)
715 2250 879 2314 humanam
921 2260 1094 2316 creaturam

175 2364 309 2441 appellat
329 2362 540 2440 magistratus,
564 2362 634 2439 quia
658 2375 698 2422 ex
717 2357 893 2422 hominibus
915 2360 1095 2433 assumitur,

88 2465 92 2472 ’
159 2451 277 2532 'tamen
298 2476 437 2548 potestas
464 2476 568 2530 eorum
597 2465 701 2528 divina
722 2455 787 2540 est,
819 2471 850 2527 et
877 2457 1000 2529 etiarnsi
1020 2465 1096 2527 mali

176 2584 261 2650 sunt,
296 2582 396 2638 tamen
423 2569 593 2638 honorandi
621 2580 692 2635 sunt
709 2560 844 2652 propter
870 2573 1094 2636 ordinationem

143 2707 148 2714 ·
174 2681 238 2765 Dei.
281 2680 380 2758 Quare
399 2697 482 2759 ergo
504 2679 580 2741 velis
608 2673 790 2742 maledicere
818 2680 891 2754 illis,
918 2680 972 2757 qui
995 2685 1040 2742 tot
1062 2687 1094 2740 et

176 2788 271 2851 tantis
295 2789 378 2851 curis
404 2791 444 2850 et'
460 2785 618 2850 laboribus
646 2773 807 2858 vexantur,
833 2803 890 2864 pro
922 2792 976 2848 tua
1003 2801 1093 2863 pace,

175 2892 295 2957 si'boni
317 2897 401 2966 sunt,
429 2891 466 2956 si·
479 2893 552 2956 vero'
573 2892 644 2955 mali
660 2899 696 2954 et
713 2893 909 2974 insipientes,
941 2876 1098 2968 satssipsis'

176 3003 323 3074 malcrum
337 3017 396 3064 sua
410 3001 551 3078 impietas
573 3005 625 3062 cst·
641 3002 672 3061 el
689 2999 799 3074 adiert3
822 2985 999 3077 compatere
1014 3013 1092 3074 ergo

175 3096 287 3187 polius.
329 3087 471 3171 sedbel
490 3102 551 3170 iiou
571 3102 612 3179 ut,
634 3106 702 3168 imo
717 3095 897 3167 emtruiidm
914 3105 986 3167 lacit
1001 3099 1093 3166 mun—

73 3221 75 3232 '
176 3215 251 3278 dus:
285 3211 375 3277 bonis
393 3213 506 3275 reddit
527 3211 797 3310 ingratitudinem‚''
821 3211 897 3272 alios
926 3210 1091 3281 maledicit,

154 3317 285 3446 'stultos
308 3320 433 3393 laudat,
455 3319 515 3381 imo
537 3318 608 3380 boni
630 3318 755 3380 eterne
778 3317 951 3396 eripiuntur.
1055 3337 1061 3352 ι
1083 3341 1088 3358 =

199 3427 402 3490 Summa:
419 3425 538 3503 Neque
558 3441 630 3497 nos,
639 3426 753 3502 neque
775 3423 852 3486 allos
873 3425 952 3486 terre
974 3429 1092 3501 possa

175 3539 277 3608 mus,
285 3513 348 3597 ime
369 3541 470 3611 neque
491 3533 675 3604 louuuam,
671 3535 809 3608 neque
806 3529 1012 3593 lniorttrtriutb
1044 3529 1092 3590 si

173 3649 269 3705 lentat
289 3633 347 3705 nos
365 3641 449 3704 Deus
471 3639 599 3703 modicis
621 3634 853 3713 adllielionibuS,
874 3635 1091 3711 sive-morbis,

176 3932 191 3952 .,
249 3859 692 3941 trramast-‘urmes
