2386 4316
208 219 272 288 336
438 185 469 236 ⁹
541 228 631 308 caput
651 227 779 306 quintum
798 262 800 272 ·

160 413 163 424 '
209 405 312 470 amisit
332 405 428 470 Deum
449 423 556 483 sunm,
587 415 618 470 et
638 415 687 470 est
706 407 830 472 relictus
850 406 881 470 in
902 407 1049 472 manibus
1069 409 1119 470 ad-

210 512 431 588 versariorum,
464 513 507 576 ita
539 521 573 577 nt
607 531 760 593 nusquam
787 521 935 594 appareat
962 515 1050 577 Deus
1074 517 1119 576 vet

81 671 87 682 ,
212 621 365 684 auxilium.
413 619 481 684 Non
509 627 611 683 tamen
637 621 707 684 ideo
734 621 894 699 desperat,
930 620 989 682 sed
1019 621 1122 682 tolerat

208 741 331 790 manunt
352 725 407 790 Dei
427 726 587 801 visitantis,
608 736 638 790 et
659 733 750 790 vocat
770 726 857 802 alios,
879 743 1000 806 cosque
1021 723 1121 788 horta-

107 848 113 852 ·
206 840 257 895 tur
276 833 317 895 ad
329 834 503 897 orationem.
529 832 623 896 Filiae
635 833 833 907 Hierusalem,
853 832 915 896 hcc
937 841 996 908 est,
1018 849 1121 896 omnes

208 955 274 1013 voe,
297 939 351 1018 qui
368 937 524 1018 pertinetis
545 940 585 1000 ad
606 939 689 1002 hunc
710 941 830 1003 auitum.

275 1105 416 1181 Qualis
437 1110 497 1168 est
518 1097 806 1192 dilectus'tuus
828 1121 873 1166 ex
894 1104 1055 1167 dilecto.

290 1255 397 1320 Verte:
412 1270 487 1335 prae
502 1253 629 1318 dilectis.
650 1257 863 1333 Voluntscire,
878 1273 971 1336 quem
983 1255 1121 1316 dilectum

206 1360 340 1435 habeat,
368 1361 550 1440 quodcum
577 1362 718 1425 omnibus
746 1361 813 1426 aliis
842 1362 962 1425 dilectis
984 1362 1121 1441 praefert,

207 1466 292 1560 quoti
326 1466 449 1530 deserta
483 1483 543 1530 non
577 1469 641 1530 vult
672 1485 708 1531 se
739 1468 779 1531 nd
812 1469 870 1530 alia
902 1467 1061 1547 praesidia
1094 1473 1121 1528 et

210 1572 323 1634 auxilia
345 1579 537 1648 convertere,
559 1574 639 1637 sicut
660 1576 759 1638 solent
778 1573 934 1648 homines,
956 1591 1041 1655 quos
1063 1589 1123 1636 nan

210 1677 338 1756 spiritus
351 1671 423 1752 ner,
444 1679 501 1742 sed
521 1678 598 1744 ratio
620 1696 679 1743 sua
700 1680 813 1758 agitet
834 1680 933 1744 docet.

289 1784 347 1850 Hic
375 1783 466 1862 igitru
486 1784 590 1864 incipit
609 1786 732 1864 longam
750 1785 961 1864 imaginariam
983 1784 1122 1863 descrip-

206 1889 334 1964 tionem,
369 1888 493 1970 qualern
525 1889 640 1954 habeat
671 1892 821 1956 dilectum.
872 1895 959 1955 Nunc
992 1891 1122 1969 primum

208 1979 444 2072 eum'describit,
465 2014 535 2061 cum
556 1997 746 2061 amisiteum.
774 1997 826 2060 Sic
846 1999 984 2062 solemus
1007 2013 1121 2069 omnes,
1176 2005 1177 2080 ᾖ

208 2100 383 2186 praesentia
401 2100 531 2200 beaw)
555 2084 788 2176 fastidimus,'ct
808 2104 1000 2182 negligimus.
1044 2103 1122 2166 Sub-

204 2215 268 2275 lata
288 2229 328 2276 ex
349 2209 447 2275 oculis
468 2210 643 2289 quaerimus
665 2208 768 2283 invidi,
790 2210 872 2274 sicut
892 2212 987 2290 perita
1010 2207 1060 2272 ait

127 2329 171 2420 ι’
235 2374 1098 2441 Dilectusmcuscandidusetrubicundus.
1176 2383 1177 2466 J

290 2507 345 2590 nst
366 2525 531 2606 descriptio
552 2527 822 2605 imaginaretur,
854 2531 915 2591 tion
944 2527 1047 2607 qualis
1075 2533 1122 2590 est

207 2636 238 2698 in
261 2651 318 2698 sua
337 2631 514 2711 majestate,
541 2633 597 2696 sed
619 2634 719 2712 qualis
747 2640 795 2714 est
817 2633 847 2696 in
870 2635 952 2696 cultu
975 2642 1006 2696 et
1028 2633 1121 2696 verbo

206 2757 282 2814 aun,
309 2739 372 2803 hoe
392 2746 455 2814 est,
483 2737 538 2802 ner
559 2740 653 2803 induti
674 2746 704 2803 et
727 2739 823 2804 ornati
850 2756 945 2818 regno
969 2748 1000 2804 et
1020 2755 1122 2802 sacer-

200 2847 291 2910 ·dotio
319 2845 349 2907 in
377 2846 493 2924 pcpulc
514 2843 564 2907 illc
586 2853 644 2908 etc.
666 2842 857 2925 eandorss)
881 2845 1037 2925 significat
1063 2847 1121 2907 lae·

79 3001 90 3018 ,
138 2989 141 3008 ·
193 2953 323 3027 .titicm;
344 2951 431 3014 testis
446 2950 525 3014 enirn
547 2950 657 3014 diebus
679 2952 851 3014 vestiebant
871 2951 1022 3037 candidis.
1065 2953 1121 3014 Ru·

208 3060 266 3123 bor
277 3053 355 3138 im*)
371 3074 506 3121 amorem
520 3056 679 3136 significat
700 3058 791 3136 quasi
813 3057 907 3121 dicat:
930 3057 1009 3121 Cum
1022 3073 1121 3120 saecr-

209 3161 325 3229 dctium
346 3171 376 3226 et
390 3180 517 3242 regnum
539 3164 640 3227 adhuc
660 3171 776 3227 starent
796 3165 921 3242 integra,
943 3164 1120 3227 abundaba-

208 3289 278 3334 mus
292 3269 505 3350 pulcherrimis
517 3271 614 3345 donis
630 3271 742 3350 quibus
751 3270 834 3344 Deus
849 3269 1020 3342 testabatur
1034 3270 1118 3332 nobis

209 3394 299 3442 suum
328 3393 462 3441 amorem
483 3394 558 3455 erga
578 3394 645 3441 nos.
679 3376 778 3440 'Erant
797 3377 889 3456 igitur
909 3376 1013 3440 omnia
1035 3376 1119 3455 piena
1176 3377 1177 3398 ¹

208 3483 321 3562 gaudio
342 3489 373 3544 et
389 3482 516 3557 taetitia,
545 3500 625 3547 nunc
653 3483 756 3546 miseri
784 3483 941 3586 ingemas,
970 3481 1119 3562 dissipata

209 3590 327 3678 politia!
343 3588 466 3664 amissis
487 3588 547 3655 illis
570 3587 780 3669 pulcherrimis
801 3589 890 3654 donis
912 3596 970 3652 ete.

281 3803 313 3876 *)
325 3802 477 3860 Praesentia
487 3799 735 3875 nonauegttginm.
755 3801 805 3875 ¹¹)
818 3801 930 3859 Candor.
942 3801 1117 3904 '⁸⁸*)linbnr.

1045 4023 1050 4050 ³

1176 4197 1177 4216 i
