2386 4316
123 221 125 224 ’
211 219 275 290 292
557 224 648 302 Caput
667 223 785 302 primum

211 422 317 474 sonam
347 406 455 484 sponsi
484 404 672 490 consolantis
693 421 763 479 eos,
791 405 846 483 qut
870 411 973 468 tantas
1005 402 1131 468 diiiieol-

211 521 291 576 tates
319 519 351 575 et
377 511 534 575 molestias
562 511 708 584 sentiunt,
737 512 828 590 quasi
856 510 952 588 dieat;
990 509 1130 586 Quereris

211 620 250 682 de
270 597 470 698 tna'politia,
502 633 572 680 oum
599 620 682 679 nuila
702 619 731 678 in
759 625 825 681 toto
853 618 928 681 orbe
954 619 999 680 sit
1021 617 1130 695 politia,

210 741 291 804 quae
313 742 382 788 eum
402 733 456 788 tua
480 725 608 786 oontemi
629 725 744 802 possit,
773 725 851 786 adeo
879 724 1027 787 omnibus
1049 739 1132 784 som·

210 832 270 894 mis
291 831 346 892 Dei
375 831 465 895 donis
494 821 638 892 abundat.
682 830 787 892 Habes
807 815 937 894 terbum
958 831 1032 902 Dei,
1063 846 1132 910 pro-
1185 849 1186 870 t

210 936 336 1014 phetas,
359 944 484 1000 sanetas
503 935 641 1012 judiees,
663 933 911 1032 sanptosneges.
954 935 1046 996 Hono
1067 937 1131 1012 pol·
1185 1003 1186 1010 ,

211 1042 410 1107 ohritndinem
438 1049 472 1106 et
489 1044 728 1106 tormamttnam
749 1043 896 1122 ignoras?
939 1041 1005 1104 Sed
1016 1042 1075 1104 sio
1095 1040 1132 1114 fit,
1185 1075 1186 1104 n

209 1148 241 1210 in
263 1149 427 1214 tentatione
441 1145 481 1225 a)
505 1151 639 1214 omnium
660 1150 810 1212 donorum
832 1147 1062 1223 obliviscimur,
1090 1151 1132 1211 in·

121 1303 123 1308 ,
210 1254 285 1332 tenti
305 1255 336 1318 in
357 1263 552 1334 praesentem
566 1257 702 1318 dolorem
725 1239 783 1318 sen
804 1253 955 1319 affectum.
994 1256 1130 1318 Tentatio
1185 1267 1186 1334 t

211 1361 291 1422 enim
313 1359 391 1424 adeo
414 1341 515 1436 omnia
537 1362 698 1433 absorbet,
721 1368 754 1428 ut
774 1359 849 1423 nihil
869 1361 930 1424 nisi
950 1363 1068 1424 maium
1089 1363 1130 1424 vi·

209 1466 301 1541 deas,
323 1467 452 1540 sentias,
481 1466 599 1546 cogites
620 1475 651 1530 et
672 1475 844 1547 exspectes.
886 1467 988 1530 Etiam
1011 1468 1129 1546 petitis-

211 1573 282 1635 simi
310 1589 467 1636 sacrarum
489 1573 656 1648 literarum,
684 1588 754 1636 eum
775 1581 942 1648 tentantur,
972 1589 1056 1652 opus
1076 1571 1128 1634 ha·

209 1678 283 1740 beot
304 1695 351 1752 eo,
372 1680 430 1761 ,qui
453 1681 693 1742 consolationem
715 1697 755 1743 ex
775 1677 995 1744 saoris'literis
1017 1677 1127 1776 afferat

210 1783 262 1846 Sie
275 1801 406 1850 necesse
426 1793 476 1860 est
496 1785 528 1846 in
540 1786 713 1861 tentatione,
735 1795 768 1850 ut
781 1781 1008 1851 admoneamur·
1016 1803 1127 1860 eorum,

210 1906 291 1969 quae
306 1892 380 1954 data
396 1899 467 1956 sunt
477 1885 892 1965 nobissientt‘anusoian
905 1891 934 1958 1.
952 1892 1088 1958 Corintin
1099 1890 1127 1958 2.

165 2071 171 2090 ἱ
208 1996 277 2059 Jaro
299 2013 424 2078 qnoque
446 1999 724 2062 eonsiliumaddit:

25 2245 29 2263 Ι
147 2237 152 2244 ,
208 2159 404 2241 Egredere
425 2167 461 2228 in
480 2166 668 2243 vestigiis
685 2153 887 2240 ovium,'et
907 2181 1034 2246 pasce
1050 2182 1127 2230 enm

199 2268 355 2356 'hoedis
384 2272 463 2334 tuis
488 2267 601 2348 jux'ta
628 2273 886 2358 tabernapuia
913 2266 1126 2352 pastorum.

292 2426 358 2489 Non
373 2427 455 2490 aliud
472 2427 532 2490 tibi
551 2429 711 2492 consulere
727 2445 865 2506 possum,
887 2445 983 2508 qnam
997 2395 1129 2506 ut'egre

91 2597 93 2613 Ι
209 2529 371 2615 dimisisti
397 2540 428 2596 et
454 2547 569 2611 pesnas
591 2551 668 2596 oves
688 2523 774 2608 tuas,
806 2551 899 2614 quam
926 2542 963 2598 ut
983 2551 1127 2598 exeroeas

210 2639 501 2703 administrationem
522 2647 620 2713 tuam,
640 2639 715 2726 nihil
735 2640 884 2704 sollicitus
906 2641 1025 2716 de'eo,
1047 2643 1127 2721 qnod

94 2809 96 2816 Α
208 2742 336 2810 hoedos
348 2761 476 2825 quoque
496 2746 528 2808 in
548 2761 641 2825 grege
661 2753 715 2811 tuo
736 2745 864 2821 habeas,
885 2746 918 2810 id
939 2754 997 2822 est,
1023 2749 1125 2820 matos,

207 2850 375 2928 improbos,
391 2852 640 2932 inobsequentes,
653 2853 821 2918 seditiosos
835 2854 931 2918 aives.
964 2853 1047 2916 Nihil
1063 2871 1123 2917 mo·

206 2965 311 3019 rentur
343 2965 373 3020 te
400 2957 486 3031 mali,
523 2974 642 3036 pasena
675 2961 754 3044 enim
784 2965 910 3039 propter
939 2977 1020 3024 oves
1049 2969 1122 3034 sunt

208 3069 239 3125 et
258 3061 365 3141 politia
394 3049 443 3128 est
468 3057 606 3129 instituta
633 3075 758 3147 propter
783 3067 884 3130 bonos
911 3067 1141 3158 principaliter„
1185 3105 1186 3108 =

209 3165 271 3230 Sed
294 3169 368 3247 quid
389 3171 536 3249 estquod
557 3172 642 3236 addit
662 3175 692 3235 in
709 3173 848 3251 vestigiis
863 3163 994 3236 ovium?
1035 3175 1120 3236 Nimi·
1147 3191 1149 3196 ·

206 3275 722 3358 rumhoo,·ut‘intnaatorexempla
735 3278 1026 3356 majorumsuorum
1037 3277 1118 3359 θ’),
1185 3299 1186 3354 t

207 3384 260 3462 qni
280 3378 400 3450 tuarum
421 3399 498 3448 oves
520 3385 589 3458 Dei,
617 3393 743 3450 sanatos
760 3385 896 3464 judiees,
924 3403 1032 3466 reges,
1053 3403 1117 3465 pro·

106 3667 110 3676 .
179 3673 181 3680 ,
250 3630 358 3700 ·*)1n
384 3631 532 3688 tenmtione
547 3631 732 3706 obliviscimur
752 3633 882 3706 bonorum
904 3643 978 3688 eta·
1021 3631 1065 3702 ⁸⁸)
1087 3632 1113 3685 ld

207 3731 249 3782 est
266 3727 303 3780 sd
317 3727 466 3798 exemplum
478 3735 597 3784 nooman¹
610 3730 748 3798 maiorum.
804 3727 872 3801 Ψ)
891 3728 975 3802 Erige
992 3737 1019 3784 te
1035 3743 1112 3788 axem·

205 3819 258 3890 piis
274 3820 401 3888 majorum
419 3829 532 3879 tuorum.
781 3821 787 3831 ‘
890 3840 897 3848 ⁵
