2386 4316
333 233 335 239 ·
377 220 497 298 'canon
514 229 704 302 caecorum.
883 295 884 302 Ν
934 223 998 302 aaa

195 465 218 540 Ϊ
296 497 441 561 Venter
462 500 548 578 clus
570 498 775 567 eburneus.

161 651 279 729 Vulgus
294 651 453 732 significat,
475 655 557 732 quod
580 658 629 714 est
649 653 680 716 in
693 635 822 731 corpore
836 652 994 725 ecclesiae,

71 771 135 818 ceu
158 755 333 836 venter*)‚
367 759 450 836 quod
472 771 662 838 quamquam
691 773 746 836 per
775 775 811 822 se
843 757 993 822 infirmum

71 862 125 935 sit,
147 871 180 924 nt
202 863 327 929 aliorum
352 864 555 931 membrorum
578 865 745 928 ministerio
767 880 850 943 opus
870 862 1002 956 habeat,¹

70 975 177 1030 tamen
200 976 248 1032 est
269 970 439 1045 candidum,
461 971 540 1036 sicot
563 971 640 1033 ebur
659 977 691 1033 et
711 970 951 1048 incorruptibile.
983 974 986 984 “

159 1133 277 1198 crura
297 1133 411 1200 illius
429 1137 907 1216 columnacmormoreae.

158 1287 251 1352 Crura
264 1286 334 1373 ll),
355 1291 417 1356 hoc
436 1300 499 1368 est,
519 1259 665 1358 robustos
686 1294 716 1357 in
738 1291 871 1356 ecclesia
890 1307 990 1370 oppo-

69 1394 116 1456 nil
140 1393 243 1459 ventri.
373 1395 379 1408 '
512 1407 515 1414 ‘
829 1399 837 1416 ⁸

143 1592 161 1647 ,·
273 1560 445 1641 speeies
468 1560 617 1665 ejusne
637 1527 788 1629 creant.

121 1727 124 1734 ’
154 1695 251 1777 'Polus
269 1717 402 1794 populus
423 1725 472 1812 est
492 1735 550 1782 cea
577 1735 666 1782 mons
684 1717 827 1793 le'anus,
847 1716 988 1797 pulcher-

68 1819 158 1882 rimis
176 1820 338 1885 arboribus
355 1823 501 1897 consitus,
524 1825 553 1888 in
575 1824 639 1904 quo
663 1824 748 1888 vario
769 1821 881 1897 cilicia,
902 1823 987 1886 varia

69 1924 155 1992 done
171 1933 247 1990 suot
267 1933 325 1989 etc.

239 2087 377 2156 Guttor
397 2087 506 2162 illios
527 2093 819 2160 suavissimum.

114 2283 119 2288 -
155 2243 221 2310 Non
242 2247 334 2313 loclet
354 2247 382 2309 el
403 2247 513 2322 anima,
534 2249 589 2312 sed
602 2249 702 2314 dulcia
723 2250 827 2329 spirat,
848 2248 908 2313 hoc
928 2257 985 2323 est,

68 2348 103 2412 bi
125 2351 239 2414 imatos
280 2353 444 2428 ecciesiae,
470 2371 551 2433 qnos
576 2352 627 2418 bic
652 2355 791 2430 recitavi,
818 2356 936 2438 placent
966 2372 985 2416 e

72 2455 151 2533 grati
172 2465 243 2522 sunt
263 2457 336 2522 Deo.
423 2511 428 2528 ,

263 2623 381 2687 Totos
403 2631 464 2688 est
483 2624 790 2700 desiderabilis.

154 2754 1180 2860 mwffimmmwmm‘⁸

70 2881 145 2976 quia
166 2881 292 2946 terbum
313 2881 418 2966 habet,
446 2881 517 2948 ideo
537 2884 638 2948 omnio
658 2884 731 2960 dicit
765 2879 837 2974 esse
862 2884 982 2948 deside-

68 2986 187 3061 rabilia,
208 2996 366 3067 propterea
381 2988 464 3068 quod
484 2990 584 3052 nullus
602 2985 771 3056 'thesaurus
794 3007 862 3056 curn
885 2977 980 3070 verbo
1072 3039 1078 3052 ,
1123 3040 1125 3051 .

69 3089 213 3172 Detffl)
239 3093 362 3156 conleni
384 3095 493 3173 possit,
514 3095 544 3157 in
565 3111 629 3174 quo
644 3111 751 3160 verum
772 3099 885 3162 cultum
898 3099 980 3164 Deus

67 3199 161 3265 nobis
183 3198 376 3277 praescribit,
407 3208 438 3262 et
458 3200 670 3264 remissionem
691 3209 888 3282 peccatorum
909 3221 980 3284 pro·
1055 3205 1067 3231 ”

69 3289 167 3377 mittit,
187 3312 220 3366 nt
240 3306 355 3368 nullom
373 3314 533 3383 peccatum
555 3307 594 3372 sit
614 3308 764 3388 reliquam
784 3316 841 3373 etc.

64 3487 70 3496 ι
151 3410 203 3472 Sic
234 3411 368 3474 celebrat
392 3427 542 3492 sponsam
572 3429 678 3488 suum,
715 3423 753 3478 cl·
777 3416 913 3496 queritur
942 3435 978 3480 se

68 3515 213 3606 omnibus
246 3515 296 3580 his
326 3515 413 3582 donis
439 3518 602 3598 privatam,
621 3535 717 3599 ‚quac
744 3531 913 3617 praesente
938 3542 977 3588 eo
1061 3557 1065 3560 ·
1142 3541 1155 3624 ἱ·

68 3619 184 3684 habuit.

66 3739 301 3886 We.
329 3767 330 3778 ἵ
358 3813 515 3888 ··)οπιιη.
570 3817 638 3887 m)
657 3815 776 3876 valan
789 3819 845 3875 Μ.
944 3903 952 3909 ·
1094 3885 1100 3896 .

695 3919 768 3986 22*
