2386 4316
123 257 128 266 ·
209 221 274 292 290
327 293 333 308 ,
554 227 644 304 Gapnt
664 188 783 304 primurn

208 407 302 472 istum
318 405 465 486 populum
477 420 546 483 ego
563 423 633 468 snm
648 405 832 470 constitutus
852 419 908 468 rex
928 409 960 466 et
976 383 1123 483 prinoeps.

92 551 99 564 ·
208 515 285 591 Quid
311 513 417 577 laaiot
465 512 596 576 Vineam
629 529 729 576 meam
763 528 823 576 non
858 509 1024 575 custodivi.
1078 510 1124 572 sie

126 676 129 684 .
208 628 314 700 aperte
341 620 464 691 latetur,
491 635 553 682 non
574 635 672 698 posse
698 599 832 682 humano
861 617 991 681 oonsilio
1021 631 1125 694 respn-

114 723 119 736 ’
206 727 304 788 binas
321 726 425 798 teneri,
448 726 504 788 sed
517 727 609 804 longa
622 726 770 794 minorem
791 741 865 787 esse
881 739 1005 796 omnem
1020 721 1124 784 humo-

205 849 277 894 nam
299 831 494 911 sapientiam,
521 839 616 910 ¹(inam
638 847 721 911 quaa
749 830 789 892 ad
811 837 925 892 tantam
950 845 1016 890 rem
1038 829 1125 891 susti·
1178 860 1179 924 p

36 951 46 964 ⁸
169 989 172 994 .
205 939 337 1002 rendam
365 927 559 1022 sancierit).
612 939 701 1001 Ratio
720 939 770 1032 'in
797 941 943 1016 promptu
972 941 1038 1009 est,
1073 936 1126 997 sint
1178 927 1179 934 ’

206 1045 496 1126 quantumvisbon'r,
513 1045 565 1125 pil,
587 1043 743 1122 sapientes
757 1043 922 1122 principes,
944 1057 1009 1104 non
1030 1047 1124 1108 maren

118 1208 120 1222 ,
204 1153 320 1224 mederi
349 1151 490 1215 omnibns
518 1151 601 1214 vitiis
629 1157 771 1228 possunt.
823 1151 921 1212 Tanto
948 1147 1058 1210 mundi
1083 1155 1126 1210 est

205 1260 337 1336 malitia3
358 1266 388 1320 et
409 1257 450 1319 illi
471 1257 547 1334 ipsi,
570 1257 623 1335 qui
645 1257 675 1318 in
697 1257 790 1318 vinea
810 1262 890 1328 stant,
912 1269 952 1317 se
973 1261 1126 1332 opponunt
1179 1290 1180 1336 p

205 1374 236 1428 et
256 1366 416 1437 resistunt,
445 1379 481 1425 ao
501 1364 606 1428 nolunt
628 1363 700 1442 regi.
744 1363 823 1439 Quid
843 1362 936 1440 igitur
957 1360 1125 1424 laciendum

206 1473 275 1560 est?
323 1471 401 1544 Num
425 1470 465 1532 ob
494 1476 595 1532 tantas
616 1469 810 1532 difficultates
824 1465 881 1548 ll)
913 1473 944 1529 et
970 1467 1124 1529 molestias

199 1564 402 1656 ‘respublicae
431 1575 643 1638 deserendae?
683 1576 759 1639 Non.
803 1575 867 1639 Sed
896 1581 1051 1654 quantum
1076 1590 1124 1651 po-

111 1671 113 1676 ’
204 1691 272 1757 test
295 1683 387 1746 debet
409 1683 459 1744 illa
475 1681 603 1760 nigredo
625 1681 664 1744 ab
688 1683 786 1746 oeulis
801 1681 964 1755 removeri,
987 1687 1021 1742 et
1040 1695 1125 1742 ooen·
1180 1721 1181 1758 p

203 1791 270 1870 pori
294 1790 414 1856 animus
442 1787 639 1851 meditatione
659 1787 877 1854 beneficiorum
897 1788 973 1862 Dei,
1000 1803 1083 1868 qnae
1099 1788 1125 1850 in
1180 1795 1181 1826 ³

175 1947 177 1954 .
205 1895 302 1959 verbo
323 1894 470 1975 promittit
491 1901 522 1956 ot
542 1893 667 1958 exhibet
689 1912 832 1974 quoque;
854 1895 967 1956 deinde
989 1894 1125 1973 exemplo

204 2001 298 2080 hujus
319 2003 404 2082 regis
426 1999 657 2064 adorationem
679 1999 914 2080 confugiendum
936 2008 995 2064 est

224 2169 359 2234 Indica
380 2165 474 2230 mihi
497 2176 551 2243 tu,
579 2184 690 2248 quem
714 2166 848 2246 diligit
869 2169 999 2230 anima
1020 2184 1106 2230 mea
1181 2153 1182 2208 l

286 2324 371 2387 Haeo
391 2331 440 2388 est
467 2324 564 2386 oratio
575 2319 675 2403 l⁴⁶⁴⁵),
701 2323 732 2386 io
754 2339 818 2402 qua
837 2325 961 2397 latetur,
994 2322 1056 2386 sibi
1076 2324 1124 2386 de·

204 2447 278 2496 esse
305 2430 487 2509 sapientiam
516 2436 547 2492 et
567 2421 651 2492 vir'es
679 2430 759 2494 beno
789 2429 1052 2494 administrandae
1071 2430 1125 2492 rei-

205 2537 354 2616 publicae.
401 2535 463 2598 Sin
481 2535 544 2600 dux
564 2535 719 2599 Saxonias
738 2535 910 2600 Friderions
941 2537 983 2599 ad
1008 2537 1126 2616 stropi-

204 2643 280 2735 tinm
296 2643 393 2706 dixit:
415 2641 518 2704 illinus
540 2643 703 2723 minusque
725 2660 761 2707 sa
782 2643 871 2718 seire,
893 2645 1055 2722 quomodo
1076 2643 1125 2706 ad·

124 2819 135 2846 ,
203 2750 353 2814 ministret
382 2747 526 2810 duantum
548 2765 653 2826 snum,
667 2825 669 2828 ¹
684 2751 762 2812 adeo
784 2749 937 2812 neminem
959 2765 1055 2830 esse,
1079 2751 1123 2810 oni

49 2927 56 2938 ⁴
204 2841 270 2918 tuto
302 2851 416 2934 aliquid
445 2855 634 2918 committere
661 2858 771 2934 possit.
824 2857 876 2918 Sio
907 2851 1122 2934 ciceroffl)

93 2991 103 3008 ν
158 2933 172 2962 ’
204 2966 278 3044 post
300 2960 415 3028 bellum
436 2960 526 3022 oivile
546 2959 626 3024 hano
647 2978 757 3060 vocem
779 2961 1000 3040 indignationis
1022 2971 1054 3026 et
1076 2962 1123 3024 de-

204 3067 389 3146 sperationis
417 3067 627 3146 plenissimam
654 3067 763 3131 edidit:
802 3063 906 3132 Ome
934 3069 1049 3132 lrnstra
1078 3086 1122 3132 sa-

204 3173 339 3252 pientem
366 3179 515 3251 putatum.
556 3171 601 3236 Pii
629 3189 703 3252 ergo
729 3173 884 3254 principes
905 3177 1049 3254 exemplo
1071 3175 1120 3238 Sa-

203 3269 344 3346 lomonis‘
358 3281 445 3343 orerit
466 3285 496 3341 at
516 3278 632 3342 dicant:
661 3279 687 3342 0
708 3280 802 3354 Dens,
823 3287 944 3344 creator
957 3287 997 3344 'et
1016 3281 1119 3359 gnber-

277 3542 309 3609 ⁸)
322 3539 443 3595 llnmono
453 3538 566 3634 oonsilio
577 3540 745 3610 respublicae
755 3535 807 3595 n'on
819 3550 957 3612 reguntur.
996 3539 1046 3612 ⁸‘)
1056 3511 1127 3610 Quid⁸

204 3639 232 3691 ln
251 3635 451 3690 difficultatibus
470 3634 632 3703 laciendum.
670 3637 739 3705 m)
757 3635 911 3696 anonim
927 3637 1078 3708 petendum,
1094 3644 1118 3690 nt

166 3717 171 3728 ’
204 3729 317 3788 sufflant
341 3745 418 3801 qnae·
435 3726 628 3800 gubernationi
644 3739 706 3789 emt
728 3732 890 3790 neoesaarla.
945 3732 1032 3803 m⁸)
1051 3731 1117 3788 Cloe

204 3825 279 3882 roais
297 3839 357 3878 vox.
923 3818 927 3824 '
