2406 4322
210 231 275 302 274
595 233 741 295 Praetorio.

119 461 122 470 -
213 417 360 484 ominatio
389 431 462 482 essa
487 417 545 482 toti
567 393 694 488 mundo,
723 415 753 476 in
775 413 876 478 medio
894 411 1043 477 hostium
1068 425 1134 472 ver-

112 519 118 540 ’
211 515 288 598 sari,
311 543 348 588 ac
370 521 505 609 singuiis¹
519 520 621 595 hona,
642 521 726 584 volut
747 520 815 582 ovis
837 519 1016 583 mactationi
1039 515 1134 578 desti·

211 641 299 705 nata,
328 637 457 694 mortem
479 607 676 706 exspectare,
703 628 809 690 merito
839 629 900 690 tate
925 641 1056 702 regnum
1079 638 1134 684 seu

210 739 318 817 politia
345 737 479 816 populus
508 735 564 796 Dei
595 741 736 806 vocatur,
764 733 909 812 omnique
934 732 1004 809 iure
1031 735 1135 810 potest
1197 743 1198 756 ¹

151 835 153 839 ’
209 843 270 908 hoc
284 842 441 907 Canticum
456 849 485 904 ιι
499 839 635 919 politiam
651 838 834 912 Salomonis,
851 841 934 903 vetut
949 839 1134 916 exemplum,
1197 853 1198 862 ι

210 951 270 1014 sibi
292 964 479 1028 proponere,
507 954 538 1008 et
568 947 607 1008 ad
635 947 765 1010 eundem
796 946 922 1008 modum
941 945 1042 1008 Deum
1069 945 1135 1006 tau-

210 1056 300 1132 dare,
329 1056 360 1116 in
379 1054 444 1118 Deo
467 1053 610 1142 gloriari,.
629 1053 750 1125 laetari,
780 1069 817 1114 ac
838 1052 1084 1116 misericordiam
1104 1059 1135 1112 et
1198 1117 1199 1122 ι

209 1163 378 1244 potentiam
413 1160 481 1238 ejus
499 1157 665 1234 divinam,
704 1175 766 1238 qua
793 1167 895 1238 tuetur
921 1175 999 1223 suos
1027 1165 1135 1220 contra
1198 1211 1199 1218 ,

210 1269 324 1332 diaboli
351 1268 479 1331 insidias
507 1275 538 1328 et
566 1265 671 1328 mundi
699 1264 905 1344 tyrannidem,
937 1265 1085 1330 admirari
1105 1272 1136 1326 ιι
1198 1247 1199 1314 i

208 1375 398 1456 praedicare.
442 1373 704 1448 Quemadmodum
733 1372 815 1434 euim
844 1355 973 1450 psalmis
1004 1371 1134 1434 Davidis

208 1489 239 1543 ιι
273 1478 491 1560 prophetamm
527 1479 652 1557 scriptis
686 1478 814 1552 utimur,
856 1481 939 1542 vetut
973 1478 1134 1556 exemptis,

208 1586 329 1650 etiamsi
351 1603 412 1649 non
434 1585 531 1651 simus
553 1585 652 1659 David
677 1569 737 1646 ¹nec
758 1584 940 1664 prophetae,
961 1587 1037 1664 quia
1059 1601 1134 1647 vero
1199 1606 1200 1620 ι

208 1708 278 1754 curn
299 1692 377 1769 ipsis
399 1691 508 1755 cadem
531 1697 561 1752 et
578 1690 754 1754 communia
775 1691 865 1764 bona,
883 1690 950 1786 *hoc
970 1700 1028 1766 est,
1050 1689 1134 1754 idern

207 1778 351 1872 verbum,
386 1797 540 1876 spiritum,
574 1797 682 1869 fidem,
718 1797 937 1862 beatitudinem
967 1797 1136 1872 habemus,

208 1902 315 1984 eadem
343 1904 477 1984 pericula
501 1911 531 1964 et
559 1901 741 1965 afflictiones
771 1909 896 1982 propter
926 1904 1056 1968 verbum
1077 1904 1133 1965 Dei

208 2011 410 2096 sustinemus,
439 2009 549 2106 merito
577 2009 670 2080 etiarn
693 2024 788 2072 voces
809 2017 840 2071 ιι
861 2027 1023 2074 sermones
1044 2011 1132 2088 ipso-

206 2131 275 2178 mm
293 2117 386 2203 notris
407 2131 609 2214 usurpamus,
634 2116 794 2179 laudantes
816 2123 846 2178 et
867 2123 1029 2190 canentes,
1051 2116 1132 2180 sicut

206 2221 267 2302 ipsi
297 2206 498 2320 laudaverunt
525 2229 555 2285 et
583 2223 776 2298 cecinerunt;
813 2221 859 2284 sio
888 2222 1044 2301 quaelibet
1073 2240 1131 2302 po·
1200 2257 1201 2276 ι

114 2375 116 2380 ,
205 2327 285 2399 litia,
311 2327 342 2390 in
372 2335 503 2407 quaest
530 2329 677 2402 ecclesia,
707 2334 737 2389 et
766 2327 910 2406 princeps
932 2330 1004 2407 pius
1026 2337 1132 2408 potest

207 2412 302 2532 ιἰιι
292 2429 416 2528 Cantica
440 2416 615 2508 Salomonis
637 2451 698 2497 ιιι
720 2433 807 2496 aliter
827 2435 880 2508 uti,
902 2451 941 2498 ac
961 2434 989 2500 si
1010 2437 1051 2499 de
1073 2453 1133 2500 aua

207 2519 337 2622 ditione
342 2556 398 2604 seu
420 2541 524 2618 politia
546 2523 720 2628 composita
744 2537 889 2620 esset*).
982 2596 987 2606 ,

239 2647 388 2733 Atque
405 2645 466 2710 troc
479 2647 574 2724 modo
596 2648 629 2710 iit
651 2664 690 2709 ex
709 2647 770 2712 isto
784 2644 911 2723 Cautioo
924 2647 1128 2725 canticorum,

206 2751 289 2850 quod
312 2751 456 2848 Salomon
484 2754 607 2845 desua
623 2754 730 2854 politia
752 2760 868 2820 tantum
892 2754 1017 2839 cecinit,
1044 2771 1129 2820 com-

205 2859 305 2925 munis
333 2833 486 2938 quaedam
516 2861 615 2932 captio
644 2877 699 2944 pro
723 2859 866 2924 omnibus
872 2861 1019 2948 politiis,
1046 2877 1130 2940 quae

159 3050 167 3062 „
205 2972 276 3062 aput
295 2943 428 3044 populus
445 2964 512 3044 Dei,
529 2965 590 3056 troc
610 2956 667 3041 est,
689 2983 771 3049 quae
790 2967 924 3036 verbum
936 2967 994 3039 Dei
1007 2965 1141 3036 habent

204 3079 245 3133 ιι
255 3077 429 3157 reverenter
450 3073 553 3139 coiunt
574 3081 605 3140 et
625 3090 704 3152 agno
692 3081 811 3148 r‚scunt
840 3090 885 3168 ac
899 3090 975 3150 uere
1001 3075 1130 3166 credunt

204 3139 387 3252 potestatem
417 3179 648 3255 magistratuum
680 3197 698 3241 a
719 3181 784 3244 Deo
806 3160 1005 3259 constitutam
1026 3189 1058 3244 et
1080 3198 1128 3245 or·

203 3280 337 3376 dinatum
371 3295 458 3356 esse,
494 3299 669 3382 perquam
704 3273 868 3348 con'servte
855 3287 980 3349 tDeus
1008 3303 1126 3366 pacem,

200 3385 347 3465 justitiam
376 3397 407 3451 et
415 3367 635 3468 disciplinam,
665 3398 770 3454 sontes
799 3391 920 3470 puniat,
944 3394 1126 3464 innoeentes

127 3545 128 3548 ,
203 3492 346 3581 (ιιιιιιιιιι
366 3502 422 3557 ιιι.
465 3495 523 3558 Ριο
553 3495 602 3558 his
630 3497 721 3560 tantis
749 3495 907 3561 beneficiis
928 3498 1026 3561 Deum
1054 3516 1124 3561 cum

273 3740 305 3808 ¹)
326 3739 461 3794 Canticum
483 3743 518 3824 'at
535 3741 655 3811 politiam
674 3743 825 3802 Salomoni·
844 3743 959 3817 quilibet
981 3744 1040 3813 prm
1069 3759 1121 3798 mr·

201 3833 327 3904 gistratua
344 3835 442 3891 imitari
460 3841 556 3905 potant.
