2386 4316
292 296 296 326 ι
387 259 492 370 (gentici
514 268 713 389 (lauticiarum
881 255 898 302 '³
939 278 1006 348 *311

87 477 169 535 vant.
208 467 249 530 Et
272 467 333 531 hoe
355 467 507 546 signifieat
529 485 583 547 per
605 461 735 545 grossos
754 442 1009 530 seuirnmalil'ras
1056 450 1063 460 ‘
1100 507 1130 538 ,-

46 605 49 610 ,
87 576 191 647 ficus,
210 581 249 636 et
271 592 400 637 suavem
430 576 555 639 odorem
582 573 693 638 florum
722 571 813 636 vitis..
837 574 900 634 Ad
929 555 1010 670 hanc

89 663 179 759 s'pem
201 690 293 745 vocat
310 683 456 744 Salomon
477 685 625 763 populum
648 697 746 743 suum
762 653 959 744 constitutum
977 679 1009 742 in
1094 691 1098 708 ¹
1126 691 1132 701 ·

87 805 184 878 regno
206 795 236 850 et
257 778 340 856 cultu
361 789 416 894 Dei
435 789 582 870 divinitus
605 787 769 850 tradito.

340 1015 343 1022 .
399 905 587 1018 columba
606 921 734 1019 ffnrea

173 1059 323 1144 Columba
341 1079 379 1160 *l
411 1083 441 1144 in
472 1085 576 1146 sacris·
591 1085 685 1146 literis
715 1097 838 1159 semper
863 1081 1011 1153 laudatur,

86 1189 222 1265 primum
244 1189 292 1250 oo
306 1187 532 1267 simplicitatem
553 1199 584 1252 et
605 1189 817 1260 innocentiam,
839 1186 950 1248 deinde
971 1185 1011 1246 ob

86 1295 335 1356 foecunditatem.
379 1293 415 1361 Et
433 1303 538 1358 notum
561 1303 608 1357 est
623 1295 732 1357 christi
754 1291 883 1355 dictum:
905 1291 1013 1370 Estote

87 1385 295 1478 simplices'ut
309 1383 479 1478 columbae,
501 1409 532 1481 et
546 1401 712 1480 prudentes
725 1409 757 1464 ut
771 1405 931 1478 serpentes
942 1394 1013 1476 ii).

85 1505 162 1592 Ideo
185 1507 335 1568 ecclesiae
362 1507 461 1594 figura
488 1516 538 1570 est
559 1495 714 1580 columba,
747 1523 828 1585 quae
856 1503 926 1580 cum
947 1521 1012 1566 om·
1042 1544 1072 1574 2

85 1613 172 1674 nium
189 1611 318 1688 'injuriis
346 1605 465 1692 pateat,
506 1621 698 1676 nontamen
730 1613 829 1702 reddit
862 1610 1011 1686 injuriam,
1085 1595 1088 1612 '
1117 1649 1119 1654 -

87 1719 145 1780 sed
175 1706 296 1796 patitur.
350 1719 402 1780 Sic
433 1719 572 1814 hortatur
593 1707 707 1781 Paulus
735 1711 1013 1794 corinthiostlt),

85 1831 122 1886 ut
151 1825 184 1893 in
211 1823 385 1886 sinceritate
414 1832 444 1886 et
466 1817 593 1888 veritate
615 1827 785 1898 ambulent,
816 1825 938 1902 abJ'ecta
960 1821 1020 1883 illa

87 1928 217 1992 humani
240 1930 342 1992 cordis
364 1931 516 2008 nequitia,
544 1949 624 2009 quae
653 1941 718 1993 tum
740 1931 843 1992 divina
871 1938 935 1992 tum
956 1929 1013 1990 hu-

87 2051 182 2097 mana
217 2035 320 2097 omnia
357 2037 446 2105 vertit
480 2038 518 2098 in
544 2055 634 2100 suum
668 2037 872 2099 commodum.
926 2037 1011 2096 Haec
1066 2089 1071 2112 ,
1113 2045 1114 2048 ’

55 2144 61 2152 “
87 2148 193 2202 autem
214 2141 389 2202 columbina
408 2123 588 2221 simplicitas
611 2151 666 2217 est,
690 2159 838 2222 quaerere
860 2158 941 2264 quae
957 2143 1034 2208 Dei'

88 2257 160 2312 surrt
183 2255 213 2309 et
234 2247 373 2326 proximi.

89 2415 267 2521 Quae
287 2413 478 2478 habit'as
471 2432 506 2476 ιιι
529 2416 767 2510 abscondito
789 2425 937 2494 petrae.

172 2513 230 2604 Hic
258 2543 396 2610 divinare
426 2544 576 2620 cogimur,
606 2546 693 2624 quid
708 2547 838 2608 voluerit
858 2547 1011 2609 Salomon.
1096 2530 1099 2535 ’
1146 2582 1150 2590 f

89 2649 220 2726 Quidam
240 2666 296 2726 per
318 2645 481 2712 antithesin
504 2651 551 2711 sic
573 2659 745 2730 exponunt,
768 2635 851 2732 quod
874 2639 932 2716 iste
955 2671 1012 2741 po-

89 2755 182 2832 pulus
204 2751 337 2832 simplex
363 2763 393 2818 et
422 2755 492 2833 pius
521 2775 582 2820 non
615 2757 749 2842 superbe
770 2757 902 2832 habitet,
933 2760 1013 2820 sicut
1077 2805 1083 2824 ι

23 2905 29 2933 ,
87 2860 223 2923 mundus
244 2868 274 2922 et
290 2861 350 2922 alia
368 2863 588 2938 regnamundl,
610 2864 666 2926 sed
681 2865 763 2943 quod
780 2864 905 2940 habitet,
927 2866 1010 2926 sicut
1120 2854 1123 2859 ’

88 2965 230 3029 aviculae
257 2967 450 3041 conterritae,
482 2976 513 3030 et
544 2969 575 3029 in
608 2969 733 3032 diversa
750 2971 895 3050 ,pulsae3
929 2965 1010 3050 quae
1085 3039 1087 3042 ,

42 3135 48 3143 ,
87 3071 244 3150 praesidia
266 3081 418 3150 quaerunt
439 3074 470 3135 in
483 3056 632 3136 ⁵cavernis
653 3057 790 3152 la'pidum
811 3084 868 3139 etc.
944 3129 946 3136 .

96 3223 100 3234 ,
172 3175 235 3240 Sed
266 3177 340 3239 mihi
362 3179 461 3258 magis
484 3181 584 3260 placet
605 3189 759 3258 petrarum
780 3183 929 3246 foramina
959 3186 1010 3245 a'c'-
1105 3190 1110 3204 “

88 3271 193 3362 cipe’re
218 3299 274 3362 pro
295 3287 408 3364 templo
429 3291 459 3348 in
480 3287 671 3376 Hierusalem
692 3294 730 3352 ¹et
756 3293 820 3352 toto
843 3291 926 3374 cultu
947 3287 1009 3362 Dei,

89 3390 175 3468 quod
195 3388 333 3454 Ecclesia
354 3391 521 3456 secundum
545 3395 672 3456 verbum
694 3393 750 3456 Del
772 3394 801 3454 in
819 3387 1008 3484 Hierusalem

5 3545 7 3558 .
88 3513 180 3559 sacra
200 3491 318 3570 iaciat,
332 3499 410 3559 lntra
431 3499 566 3578 parietes
588 3498 707 3584 templi,
730 3506 787 3562 ceu
809 3495 886 3561 intr'a
908 3507 1009 3578 petra-

81 3619 155 3666 rum
181 3616 333 3666 cavernas
342 3600 459 3684 liii)
490 3605 623 3690 habitet
652 3625 712 3670 non
743 3603 891 3686 sequatur
912 3606 1008 3681 luoo's,
1107 3639 1109 3646 ι

88 3711 303 3738 -ι-α--ι-ιύι

82 3785 83 3788 ’
161 3777 578 3852 illiciumballectesiaeligara.
598 3782 629 3812 ‘⁹‘
616 3779 745 3851 ‘matth
758 3779 834 3894 itt*
838 3777 1008 3879 ”licead
1083 3846 1093 3856 ·

26 3873 31 3892 “
89 3871 179 3954 *·”)
200 3873 334 3930 emerere
352 3882 503 3945 petrarum.
604 3947 638 3956 Η
1036 3881 1039 3885 ’
