2386 4316
197 261 261 334 362
330 359 337 378 ⁸
437 271 443 281 “
532 269 624 347 ‘Caput
644 279 772 331 octavum
977 325 979 332 .

73 433 78 440 ’
155 483 169 510 ,ι
196 450 351 530 respicere
366 449 406 512 ad
421 448 508 528 spirit
550 451 578 512 Ιε
598 465 725 527 regnum
739 447 859 523 Christi,
880 449 964 529 quod
982 466 1120 529 exspec-

197 559 319 620 tabatur
337 557 499 618 iuturuml
541 571 581 632 ge
600 554 733 634 amptius
754 564 785 618 et
799 555 909 632 majns‚
931 573 1026 634 quam
1051 535 1131 619 εει(

95 671 99 686 ’
197 664 303 742 porcia
323 677 449 739 regnum
470 663 576 740 populi
593 661 711 724 Judaici
725 661 788 726 init
829 661 893 725 Nec
911 662 1040 726 dubium
1062 673 1120 736 est,

198 769 269 848 quin
288 769 482 832 sermonibus
499 753 712 831 communibus
730 766 809 832 baec
826 784 922 845 saepe
942 775 974 830 et
988 770 1117 830 muitum

197 873 311 951 agitata
333 873 408 946 sint,
431 873 488 937 sed
509 874 539 937 in
560 890 598 936 ao
620 889 704 937 error
725 880 804 936 crat:
834 875 946 951 vulgus
963 872 1000 951 *J
1028 883 1118 953 puta-

196 981 250 1043 bat
276 977 388 1042 christi
415 995 542 1056 regnum
569 979 729 1057 corporale
756 979 886 1042 futurum
915 995 996 1042 esse.
1049 981 1115 1044 Non

105 1089 122 1136 “-
157 1127 159 1132 .
196 1069 397 1163 intelligebat,
424 1085 471 1147 sic
492 1083 644 1147 christum
670 1092 863 1162 regnaturum
893 1100 949 1162 per
968 1088 1117 1159 ruerbum,

196 1199 230 1256 ut
251 1198 352 1254 tumen
373 1207 467 1268 regna
489 1191 591 1253 mundi
614 1189 861 1254 snum'teneren't
881 1207 1011 1253 cursum.

279 1297 423 1359 Salomon
450 1297 541 1374 igitur
561 1297 607 1359 sio
629 1295 715 1357 dicit:
750 1295 783 1357 Si
807 1299 1114 1376 spectemusampti-

197 1382 330 1464 tudinem
353 1400 420 1478 ejus
441 1381 540 1480 regui,
568 1401 651 1480 quod
680 1418 735 1480 per
762 1417 874 1464 novum
898 1411 1112 1466 testamentum

175 1505 404 1586 *christusfft
428 1503 571 1580 institrict,
591 1514 664 1570 tunc
684 1513 957 1586 nasterpraesens
980 1509 1112 1588 populns

196 1623 290 1676 recte.
307 1613 532 1692 comparabitur
561 1613 706 1692 parvulae
731 1614 866 1690 puellae,
899 1615 1032 1676 nondum
1058 1614 1115 1676 ha·

104 1791 108 1798 ,
195 1721 279 1784 beuti
307 1720 417 1792 ubera,
449 1718 601 1792 occasi,
629 1719 763 1782 nondum
791 1727 930 1782 maturae
967 1721 1041 1783 satis
1072 1723 1112 1782 ad

197 1825 454 1904 praedicationem
476 1824 641 1902 evangelii,
664 1830 833 1903 parietum
856 1826 1003 1888 mundum
1023 1844 1111 1905 spar-

197 1931 296 2010 gendi.
340 1931 415 1992 Sed'
431 1931 523 1993 etiem
551 1932 694 2009 querelae
721 1930 902 2007 significatio
930 1931 982 1994 hic
1001 1949 1111 2012 propo-

197 2039 256 2101 sita
283 2044 345 2109 est,
374 2045 409 2099 ut
435 2036 514 2098 haec
540 2037 580 2098 sit
607 2051 665 2098 ceu
692 2038 861 2103 communis
888 2053 951 2099 vox
980 2039 1104 2100 omnium

195 2141 413 2234 prophetarum
440 2150 470 2226 et
497 2129 688 2232 sanctorumf
701 2143 731 2204 in
752 2143 867 2222 populo
887 2143 980 2220 legis,
1009 2146 1104 2222 suspi-

115 2249 118 2258 '
195 2249 324 2312 rentium
358 2264 398 2310 ax
425 2263 549 2342 carcerc
575 2247 653 2326 legis
680 2247 710 2308 in
737 2249 923 2312 latitudinem
952 2251 1109 2328 evangelii,

196 2355 324 2418 utDeus
345 2361 475 2420 maturet
496 2353 718 2434 promissiones
738 2353 779 2476 de
792 2353 914 2418 Christo
925 2357 1037 2426 tactas
1054 2364 1107 2418 etc.
1170 2361 1171 2380 ¹

278 2601 373 2688 Quid
395 2566 943 2692 iaciamtss‘'sororisuostraei
971 2611 1027 2667 etc

276 2780 406 2865 insignis
433 2777 562 2842 affectus
584 2779 677 2844 animi
692 2775 773 2860 iii)
783 2839 789 2846 ,,
799 2783 927 2846 accensi
949 2791 1108 2861 exspecta·

142 2873 152 2891 “
196 2889 276 2951 tione
297 2887 388 2950 futuri
401 2884 523 2958 Christi,
541 2885 624 2948 siout
639 2883 831 2950 Christusin
851 2889 1009 2966 evangetio
1028 2905 1108 2968 quo·

103 2968 133 3066 ,'
195 3010 256 3073 quc
281 2993 368 3056 dicit:
406 2994 502 3056 Amen
528 2991 596 3054 dico
618 2992 723 3064 vobis,
755 2993 838 3076 multi
857 3007 951 3071 reges
979 3001 1009 3056 et
1034 3013 1107 3073 pro·
1167 3015 1168 3064 t

196 3099 307 3178 phetae
328 3083 609 3162 volueruut‘videre
630 3105 661 3160 et
681 3099 793 3174 audire,
815 3115 898 3180 quae
920 3117 978 3164 vos
1000 3100 1107 3162 videtis
1166 3067 1168 3148 ,¹

195 3203 373 3276 scanditis,
400 3205 458 3268 sed
484 3221 585 3284 neque
612 3203 752 3268 viderunt
779 3221 834 3268 uec
856 3206 1023 3295 audierant
1064 3209 1106 3268 ita
1166 3231 1167 3240 ¹

194 3310 246 3372 hic
268 3295 412 3372 Salomoni
439 3307 470 3373 in
491 3325 636 3387 persona*
652 3311 784 3374 omniurn
806 3320 999 3388 sanctorum:
1029 3313 1105 3389 Quid

195 3416 364 3483 iaciemus?
397 3398 500 3495 quast
521 3415 617 3486 dicat:
657 3417 759 3492 Qualis
790 3425 822 3478 ει
849 3435 941 3498 quarn
972 3418 1105 3498 jucunda

195 3524 245 3584 iila
267 3529 435 3600 temporum
457 3503 649 3618 tacies'eriti
690 3522 776 3598 Quod
799 3524 890 3596 addit,

267 3760 298 3832 ⁵)
321 3764 416 3834 OpinIo
432 3765 592 3822 iudaeorum
610 3767 644 3822 dc
663 3781 746 3836 reguo
765 3766 868 3822 christi.
922 3770 968 3837 ⁸⁸)
984 3768 1102 3840 Regnum

151 3885 157 3892 ·
195 3855 298 3910 Christi.
355 3857 931 3933 ⁸⁸⁸)1rgmrdertdaunmrcpnicoristt
1039 3867 1042 3873 '
