2308 4316
193 269 233 341 10
324 248 331 290 ⁴
545 284 752 360 Argumentum

58 441 68 454 ⁸
191 457 349 525 votuerunt
365 461 503 554 aspicere
527 463 637 540 (digni
643 464 768 536 seiton
789 445 902 544 quitum
915 466 995 528 oouii
1012 483 1089 528 ιιιιι·

186 567 306 643 mutor)
330 583 368 629 ae
387 550 581 645 religionis
570 587 666 634 cenea
687 571 907 638 sordidissime
921 539 1089 644 victitarent

186 672 269 750 quod
297 677 388 751 quale
414 677 454 737 sit
475 693 514 738 ex
542 683 620 740 ente
639 678 728 740 dietis
750 681 828 742 sotis
849 679 952 758 liquet
993 678 1088 757 Neque

65 775 70 782 '
186 778 266 840 enim
285 781 458 851 „contemnit
483 782 609 845 feliciter
629 784 789 858 mundum,
816 785 870 864 qui
899 783 975 846 vivit
994 785 1088 846 soiito-

184 883 250 946 rius
275 891 307 946 et
332 893 419 948 extra
439 887 596 968 homines;
626 907 687 952 nnn
716 891 887 963 isaurum,
916 890 970 968 qui
997 889 1088 967 obiicit

185 998 237 1054 aut
258 993 308 1070 qui
331 993 461 1056 abstinet
484 1013 503 1056 a
524 998 725 1074 pecuniisut
745 995 947 1068 Freneisoani,
969 996 1088 1075 estqui

184 1096 213 1157 in
235 1097 343 1160 mediis
364 1101 626 1176 reposueruut,
649 1119 750 1182 neque
772 1110 871 1164 nmen
897 1116 1002 1164 earum
1022 1102 1087 1164 offe·

183 1203 282 1268 otibus
294 1205 416 1284 rapitur,
457 1208 523 1271 Hoc
544 1225 617 1288 ergo
634 1211 763 1288 primurn
784 1215 844 1283 est'
862 1208 944 1288 quod
959 1207 1087 1272 Saionn·

183 1326 251 1373 nern
273 1312 396 1374 ieeturis
418 1322 467 1376 esi
489 1316 751 1378 considerandum.

265 1419 387 1483 Deinde*
408 1427 439 1482 et
466 1419 526 1483 hoo
548 1422 707 1499 diligenter
736 1421 981 1491 observandum,
1006 1419 1086 1482 Suio-

182 1541 302 1588 monern
333 1525 393 1588 hoe
425 1526 502 1590 libro
530 1527 708 1607 simpliciter
739 1527 823 1606 loqui
845 1527 885 1588 de
904 1541 1013 1602 genere
1035 1523 1085 1586 hu·

181 1632 336 1710 manox),
377 1631 528 1712 pleneque
549 1631 586 1713 ὅ)
621 1633 787 1712 persistere
818 1633 896 1694 intra
917 1627 953 1706 οι
984 1630 1085 1694 limites

182 1735 335 1800 hnmanae
360 1745 504 1812 naturae,
536 1739 598 1803 hoo
618 1749 679 1812 est,
708 1740 748 1803 de
770 1747 897 1810 conatu,
931 1737 970 1800 de
990 1738 1083 1800 studio
1139 1793 1140 1802 ,

181 1849 212 1906 et
242 1843 459 1922 cupiditatibus
486 1823 619 1910 hominis
647 1846 750 1925 deque
778 1845 914 1908 oonsiiiis
941 1842 1082 1915 humanis,

183 1965 221 2012 ne
242 1949 359 2012 seilicet
379 1950 459 2012 idern
481 1951 681 2030 imaginemur
702 1969 769 2015 onor
791 1949 1018 2028 interpretibus.
1038 1950 1084 2028 qui
1139 1985 1140 2040 3

119 2083 124 2088 ·
179 2039 540 2135 iiie'dnnnnaritpntant,
572 2067 604 2121 et
630 2057 853 2128 contemnende
880 2055 1005 2136 duceni,
1034 2072 1084 2119 eeu
1139 2067 1140 2126 ι

180 2177 277 2224 vonas
303 2169 335 2224 et
359 2163 479 2226 inutiles
500 2165 740 2243 speculationes,
775 2164 978 2242 cognitionem
1005 2170 1083 2224 natu-

179 2267 291 2348 raei),
312 2270 382 2331 item
394 2271 616 2343 astronomiae,
639 2278 732 2349 otone
747 2270 825 2334 adeo
846 2269 940 2334 totius
955 2268 1083 2334 Philoso-

173 2367 273 2453 'phiae
292 2375 407 2449 studia,
442 2393 511 2438 eum
539 2385 639 2440 temen
661 2376 770 2438 harum
795 2377 905 2438 arnum
926 2391 1084 2452 oregnano

179 2483 272 2546 muita
301 2481 362 2544 sint
389 2482 576 2555 commoda.
595 2500 676 2563 quae
705 2482 841 2561 quotidie
869 2490 1027 2546 vereantur
1050 2480 1084 2542 ob

179 2589 296 2652 oouios.
337 2587 439 2660 Adde.
472 2590 564 2668 quod·
583 2591 613 2650 in
642 2589 836 2652 sciscitandis
857 2603 959 2650 rerum
981 2587 1084 2650 natans
1138 2657 1139 2684 ᾖ

181 2711 240 2756 non
262 2695 361 2757 soiurn
383 2694 512 2769 utititoS,
544 2696 599 2758 sed
621 2703 652 2757 et
673 2711 783 2772 magna
805 2711 931 2774 quoque
953 2695 1083 2772 voluptas

179 2807 235 2864 esi.
277 2799 314 2861 ttt
346 2817 436 2863 saera
463 2802 614 2880 scripturo
646 2801 759 2864 indicat
785 2817 852 2873 res,
885 2809 923 2864 ui.
942 2804 1084 2878 proponat

178 2923 283 2969 earum
298 2901 500 2986 proprietates
521 2914 552 2968 et
570 2909 659 2980 vires,
678 2909 769 2987 quale
783 2917 832 2970 est
844 2907 916 2970 iilud
932 2907 1039 2970 Psalmi
1046 2904 1081 2983 z).

178 3015 386 3077 Renovobitor
412 3022 445 3075 nt
471 3014 592 3093 aquilae
618 3015 764 3093 juventus
792 3019 852 3075 tua.
900 3013 989 3085 item,
1005 3012 1084 3078 ¹sieut

179 3121 281 3206 aquito
303 3135 478 3198 provocans
506 3120 545 3180 ad
576 3119 740 3182 volandum
757 3121 858 3198 pullos
884 3136 969 3182 suos.
1012 3119 1083 3188 lien,

179 3226 599 3306 quremadrnodumdesideret
611 3242 724 3288 eervus
737 3227 775 3288 od
788 3229 886 3288 tontes
895 3229 1082 3304 aquarumat:
1137 3245 1138 3254 ι

179 3331 223 3405 Ει,
246 3331 332 3393 Vade
354 3333 441 3411 piger
461 3332 500 3393 ad
513 3333 734 3402 iorrniearnete.
777 3330 841 3394 imo
856 3331 1009 3409 ejusmoni
1027 3347 1083 3392 me·

249 3607 281 3673 x)
300 3603 424 3659 Salomon
455 3605 482 3658 in
509 3605 561 3658 hoe
577 3603 646 3658 libro
671 3603 704 3658 rie
730 3619 830 3674 genero
848 3605 969 3658 hnmano.
1008 3602 1081 3660 itit:
1136 3633 1137 3636 ι

173 3699 314 3770 ,Scriptura
338 3715 389 3750 non
419 3699 589 3768 condemnat,
621 3701 667 3754 sed
696 3699 861 3754 commendet
887 3701 975 3754 studio
1010 3697 1082 3768 phile

180 3793 314 3865 sophira
335 3792 367 3861 y)
390 3791 514 3862 cognitio
533 3803 651 3848 notnroe.
677 3796 707 3863 r)
726 3795 795 3850 Penl.
816 3794 874 3849 tue.
911 3793 942 3864 o)
961 3791 1027 3853 Beni.
1045 3785 1081 3846 {2
1136 3787 1137 3800 ¹

250 3887 284 3956 5)
303 3887 435 3957 pleneque
455 3887 565 3957 (1532).
616 3889 650 3956 i)
666 3889 735 3944 inter
751 3887 858 3960 (tant).
947 3905 950 3912 ·
971 3887 973 3893 ’
