2308 4316
319 281 697 344 Eaelesiastaesalumonis.
827 287 828 292 ’
899 247 968 340 Ι9
1040 365 1043 370 Ι

78 475 179 532 anans
194 463 375 528 invehuntur
395 464 573 542 ingloriam,
595 459 967 542 potentiam,dignltalenn

78 574 192 643 divitias,
223 588 346 644 aarum,
366 573 494 644 lamam,
517 571 658 642 laturam,
679 565 835 641 madieres,
865 567 967 646 palam

78 689 228 742 ereaturam
252 679 306 740 Del
335 677 523 740 damnantes.
573 676 771 753 Magistratus
799 690 855 738 sen
882 680 968 752 pota·
1077 737 1083 762 1

77 795 128 849 stas
153 785 253 845 divina
282 784 430 866 ordinatio
461 791 519 846 est
558 785 674 846 Aurum
703 790 750 844 est
777 782 907 852 bunum,
939 787 969 842 et

76 891 179 954 divitiae
199 890 297 952 aneo
319 891 435 954 dantur.
478 889 585 954 Mulier
606 905 657 952 res
673 889 755 952 bona
771 896 828 960 est
852 895 884 950 et
903 886 969 949 viru

75 1000 98 1059 in
121 995 294 1072 adjutorium
326 998 415 1060 laeta
470 996 578 1059 Omnia
607 995 688 1058 enirn
714 994 785 1058 lenit
805 977 909 1066 'Deus
937 1000 971 1058 ut

76 1103 278 1175 essenthona,
307 1109 338 1165 et
365 1103 394 1164 in
422 1104 553 1182 aliquem
573 1119 666 1166 usum
687 1099 864 1166 horninibus
886 1117 969 1164 com·

77 1210 160 1274 nuda.
778 1207 786 1221 '
921 1259 936 1268 .

141 1315 204 1378 Non
225 1315 330 1394 itaqua
351 1316 532 1378 damnantur
551 1315 614 1380 hou
633 1315 710 1378 libro
728 1319 902 1397 creaturae„
915 1305 971 1374 s'ed

76 1437 173 1502 pravus
195 1421 325 1485 allectus
347 1429 378 1483 et
398 1421 549 1500 cupiditas
570 1421 741 1494 hominum,
763 1420 816 1500 qui
836 1437 896 1482 non
919 1437 971 1482 su·

76 1545 131 1590 nus
160 1529 290 1590 contenti
323 1528 535 1607 praesentibus
564 1528 635 1591 istis
670 1529 817 1590 creaturis
849 1527 904 1588 Dei
941 1529 973 1586 at

75 1651 163 1698 eamn
183 1651 250 1706 usu,
273 1632 329 1696 sed
350 1651 473 1712 semper
493 1621 627 1701 anxiie‘t
643 1633 763 1701 solllaiti
779 1633 972 1698 accumulare

75 1743 194 1814 diuitias,
220 1739 369 1812 honoras,
399 1740 541 1817 gloriam,
564 1741 690 1814 lamam,
712 1740 802 1820 quasi
824 1745 972 1817 perpetuo

75 1848 115 1910 hia
132 1846 251 1918 victuri,
279 1847 423 1909 fastiditis
444 1847 562 1910 interim
583 1848 657 1920 illis,
687 1857 768 1928 quae
788 1845 916 1917 adsunt,
942 1850 973 1906 et
997 1830 1001 1846 '

13 1951 14 1956 ’
76 1955 125 2016 atis
147 1969 184 2014 ex
209 1953 277 2014 aliia
306 1969 429 2030 semper
460 1951 648 2016 affectantes.
703 1953 788 2016 Haec
815 1960 864 2016 ast
892 1951 971 2013 eninr

12 2131 13 2144 χ
75 2056 357 2139 sunnavanttasu)
383 2065 413 2122 et
429 2059 560 2132 miseria,
582 2059 723 2122 fraudare
744 2077 779 2122 se
794 2077 855 2122 usu
875 2059 973 2121 bona·

75 2183 128 2228 rum
148 2165 360 2243 praesentium,
382 2173 413 2226 et
433 2165 544 2228 lrustra
565 2164 658 2244 allligi
680 2166 856 2229 defuturis.
898 2165 972 2240 Hos,

75 2273 194 2350 inquam,
222 2287 339 2349 pravos
361 2270 490 2334 allectus
511 2279 542 2333 et
562 2279 691 2336 conatus
712 2272 864 2336 humanos
886 2273 972 2334 dam-

76 2385 116 2439 nat
133 2377 191 2440 hoa
217 2378 296 2440 libro
317 2375 476 2451 Salomon,
507 2395 567 2440 non
589 2376 676 2457 ipsas
699 2386 872 2454 ereaturas3
900 2394 978 2440 nam·

75 2483 106 2545 de
123 2499 177 2546 usu
198 2489 404 2546 ereaturarum
426 2489 457 2545 et
477 2484 545 2561 ipse
567 2483 642 2546 inlra
663 2485 743 2560 dicit
769 2485 842 2548 nihil
863 2485 971 2550 melius

74 2605 135 2651 asse
154 2588 210 2652 nisi
231 2590 346 2662 laetari,
368 2596 397 2650 et
419 2589 572 2652 oblectare
588 2592 682 2653 vitam
699 2608 798 2680 suam,
818 2599 848 2654 at
870 2607 972 2655 aorna-

13 2699 14 2706 ’
73 2697 134 2758 dara
165 2689 212 2758 et*
229 2696 335 2757 bibare
363 2701 394 2757 at
428 2695 591 2760 exhilarari
606 2693 641 2774 ³)
670 2698 775 2761 labare
802 2715 860 2762 suo
889 2699 971 2762 omui

74 2801 173 2864 homini
194 2808 260 2874 eta,
280 2802 335 2863 ubi
355 2787 476 2864 oninino
498 2802 568 2879 ipse
585 2803 655 2866 ‘sibi
682 2805 914 2878 contradiceret,
943 2805 970 2866 ai

73 2925 114 2970 res
132 2909 215 2987 ipsas
237 2906 410 2996 damnaret,
437 2925 475 2970 aa
502 2924 563 2971 non
584 2909 687 2987 potius
710 2910 840 2974 abusum
862 2927 971 2986 rerum,

27 3041 30 3052 ·
73 3016 162 3091 quiin
182 3011 258 3076 solis
281 3011 442 3076 affectibus
463 3021 519 3076 ast.

143 3119 224 3190 llaec
251 3119 334 3180 stulti
363 3120 486 3198 quidam
519 3137 580 3186 non
606 3123 806 3200 intelligentes
838 3123 972 3186 absurde

12 3303 13 3318 χ
72 3226 239 3298 docuerunt,
268 3226 306 3288 de
328 3233 503 3305 contemptu
524 3229 646 3306 atinga
667 3227 838 3306 mandit),
859 3235 889 3292 et
909 3230 970 3307 ipsi

12 3365 13 3370 κ
71 3333 150 3394 etiam
170 3331 263 3394 multa
285 3332 420 3396 absurda
440 3329 581 3406 lecerunt,
602 3335 686 3397 utin
707 3335 778 3398 vitis
791 3335 912 3398 Panum
924 3331 969 3418 n)

71 3439 201 3515 legimus,
228 3439 325 3502 luisse
354 3441 491 3520 aliquos,
517 3440 571 3520 qui
599 3459 637 3504 ne
656 3437 692 3518 ⁴)
722 3443 819 3504 solem
848 3434 982 3520 quidem'
1016 3481 1020 3486 -

132 3593 162 3660 a)
183 3593 288 3646 Saarna
306 3592 418 3648 vanites.
457 3591 538 3648 15³t=
568 3591 810 3650 ecclesiaticum
828 3600 971 3662 creaturas,

71 3687 111 3740 sed
136 3703 230 3757 pravas
247 3687 383 3756 hominurn
409 3687 518 3744 allectas
543 3687 659 3742 damnata
726 3690 759 3756 v)
775 3688 851 3759 Fuga
871 3689 969 3744 arandi.

71 3785 105 3847 nr)
121 3781 192 3874 Q
210 3781 325 3836 Petrum.
970 3761 974 3771 x

77 3929 80 3934 .
131 3876 162 3948 3)
182 3877 333 3934 exhilarati.
391 3875 425 3946 d)
444 3893 508 3932 nan.
