2308 4316
118 263 122 282 ,
212 219 255 290 dl
317 209 335 222 ‘
494 229 780 308 ampullosum

213 405 295 470 tutis.
336 405 371 469 ld
400 423 462 472 noo
492 407 694 474 observantes
721 412 899 491 interpretes
926 401 1034 491 potant
1050 430 1108 478 eum

167 553 172 561 -
212 511 264 576 hic
290 513 391 576 dicere
421 515 461 578 dc
488 518 681 596 corruptione
707 534 808 582 rerum
840 525 1017 581 creatamm.
1067 523 1109 584 Sie

124 652 128 659 ·
215 635 289 697 ergo
303 619 450 699 intelligo*
465 625 567 684 omnia
587 623 722 688 humana
735 639 831 702 opera
844 633 875 686 ct
896 624 999 688 studia
1010 625 1108 688 habero

165 791 167 798 ,
213 732 327 790 certum
354 733 384 788 el
415 725 720 809 definitum.tempus
748 731 872 806 agendi,
904 730 1062 808 incipiendi
1085 742 1108 794 et

212 830 351 906 finiendi,
380 839 467 896 extra
492 837 665 898 facultatem
685 836 872 930 humanam,1
897 825 931 898 til
952 836 993 898 sil
1014 836 1107 900 dictum

214 946 319 1002 contra
339 939 467 1002 liberum
488 942 643 1006 arbitrium
655 939 705 1020 h),
734 943 818 1022 quod
839 951 978 1006 nostrum
997 947 1108 1017 nonsit

213 1051 350 1123 tempus,
389 1047 513 1109 modum
552 1056 583 1110 et
613 1047 754 1112 ellectum
791 1049 1002 1126 praescribere
1033 1051 1108 1113 rebus

214 1152 350 1229 agendis,
371 1154 524 1233 planeque
540 1153 591 1216 hic
605 1155 666 1216 lalli
683 1155 784 1218 studia
805 1162 836 1216 el
848 1161 978 1218 conatus
996 1163 1108 1230 nocuos,

214 1258 270 1319 sed
289 1265 360 1322 tunc
373 1261 476 1322 omnia
497 1260 541 1322 ire
557 1269 610 1322 aut
631 1261 741 1336 venire,
765 1261 888 1340 quaudo
905 1262 992 1340 Deus
1013 1263 1107 1326 statuit

212 1361 247 1425 ld
266 1379 340 1426 vero
361 1367 472 1444 probat
491 1368 639 1445 exemplis
660 1367 863 1432 humanomm
883 1383 1028 1446 operum,
1047 1385 1108 1446 quo·

214 1486 282 1532 rum
303 1479 375 1534 suut
395 1489 454 1535 sua
480 1481 617 1554 tempora
645 1481 731 1536 extra
754 1473 930 1536 electionem
952 1473 1107 1548 humanam,

213 1585 248 1640 ut
275 1575 345 1640 inde
372 1577 547 1667 concludat,
580 1581 695 1643 lmslra
720 1581 855 1660 torqueri
883 1579 1024 1644 homines
1057 1582 1108 1644 sois

214 1683 347 1760 studiis,¹
344 1701 422 1748 nec
443 1653 563 1749 effluere
585 1687 768 1766 quicquam,
794 1686 913 1750 etiamsi
941 1695 1109 1765 rumpantur,

120 1801 123 1812 ·
213 1790 272 1853 nisi
294 1794 409 1854 venerit
421 1799 645 1870 suumtempus
666 1800 697 1855 ct
715 1792 793 1856 hora
809 1794 860 1854 illa
881 1793 979 1855 cDeo
995 1791 1149 1862 defimta

213 1897 282 1960 Huc
308 1898 465 1977 pertinet„
486 1899 569 1978 quod
599 1905 648 1962 est
675 1899 706 1960 in
734 1897 952 1976 evangelioi):
987 1895 1108 1962 Nondum

214 2005 299 2066 venit
318 2003 396 2070 hora
416 2004 494 2096 ejusg
532 2003 621 2066 Item:
642 2005 756 2078 Mulier,
777 2021 847 2080 cum
867 2007 955 2083 parit,
976 2006 1107 2068 tristitiam

103 2171 108 2180 ,
213 2109 322 2185 habet,
355 2112 428 2190 qula
455 2112 537 2174 venit
564 2110 642 2174 hora
670 2109 747 2187 ejus.
788 2109 840 2172 Sic
867 2111 971 2174 divina
991 2113 1108 2192 potentia

214 2218 317 2296 omnio
337 2216 568 2296 comprehendit
587 2218 679 2280 certis
699 2216 800 2290 horis,
829 2224 864 2280 ιιι
883 2233 945 2282 non
966 2219 1107 2298 possinta

214 2341 370 2406 quoquam
391 2323 540 2405 impediri.

296 2432 359 2496 Sed
374 2431 475 2496 dices:
497 2426 656 2508 Quomodo
676 2445 751 2507 ergo
768 2427 862 2492 homo
875 2427 1053 2493 constitutus
1071 2434 1107 2490 est

158 2543 172 2571 ⁸
213 2553 314 2604 rerum
336 2532 544 2618 dominusk),
566 2537 658 2598 Geoe
678 2534 709 2600 2
732 2536 761 2612 si
782 2550 842 2598 non
864 2540 968 2614 potest
987 2535 1052 2598 illus
1070 2550 1107 2596 se·

214 2646 347 2710 cundum
373 2660 462 2708 suam
490 2644 674 2706 voluntatem
695 2657 814 2719 regere,
845 2647 876 2703 et
896 2657 954 2720 pro
975 2658 1030 2704 suo
1049 2647 1107 2704 voto

213 2732 279 2817 ulii
325 2751 490 2832 Responde
504 2745 579 2829 ⁴⁰):
621 2749 673 2811 Sic
699 2766 807 2812 sumus
839 2747 1106 2830 constitueremur
1146 2791 1147 2822 2

214 2858 344 2934 domini,
372 2867 407 2922 ut
430 2856 588 2938 possimus
610 2854 720 2944 eisyuti
739 2854 771 2916 iu
794 2869 958 2934 praesens,
989 2853 1042 2916 sed
1060 2869 1106 2914 noo
1146 2843 1147 2862 ¹

215 2983 383 3046 possumus
405 2981 460 3028 eas
475 2964 590 3028 nostris
612 2961 693 3024 coris
715 2968 746 3024 et
761 2961 870 3024 stodiis
886 2975 1001 3038 regere.
1030 2959 1106 3022 lleuo

215 3079 319 3152 potest
354 3070 467 3151 aliquid
500 3069 567 3132 suis
602 3068 712 3130 studiis
744 3068 865 3130 eilicere
896 3067 926 3128 in
961 3072 1105 3146 postemm

140 3217 143 3234 ι
214 3178 271 3255 Qui
299 3179 378 3240 enim
403 3179 570 3240 ltrlumrum
598 3177 732 3238 incertus
753 3181 815 3246 est,
845 3173 1000 3253 quomodo
1020 3172 1055 3233 de
1072 3172 1105 3231 lu·
1145 3225 1146 3228 ,

214 3283 291 3347 turis
312 3283 496 3346 constituere
524 3281 653 3360 polerit?
694 3279 767 3342 Vult
795 3296 868 3356 ergo
889 3281 973 3342 Deus
1000 3296 1052 3342 nos
1074 3277 1105 3339 uli
1145 3277 1146 3326 l

216 3390 379 3462 creaturis,
407 3391 463 3454 sed
484 3389 592 3462 libere,
623 3395 690 3464 utut
711 3387 760 3449 ille
781 3387 936 3460 obtulerit,
966 3385 1031 3448 sine
1048 3392 1105 3446 tem·

224 3545 424 3560 w

288 3633 321 3703 i)
348 3633 403 3688 ili.
432 3633 488 3688 arb.
516 3631 598 3688 1536·
633 3629 784 3698 ῒιιιιιὶιιιι.
865 3629 891 3701 l)
916 3630 1009 3686 ioum.
1032 3630 1056 3688 t
1077 3627 1105 3682 lt

170 3743 175 3766 ·
217 3728 251 3798 li)
271 3727 355 3783 Homo
372 3744 462 3782 rerum
480 3728 600 3782 dominor
618 3730 669 3782 ete.

206 3855 210 3868 ι
291 3821 529 3894 amarulenter
