2308 4316
185 195 229 266 ω
476 240 487 248 ,.
506 207 598 285 capu
617 203 790 302 secundum,

186 384 400 462 sapientia,
422 376 593 450 scientia
614 396 649 450 et
670 388 1078 470 industria,'relinquit

185 497 337 567 partem
364 510 473 555 suam
500 495 759 587 hominiuqui
791 511 865 556 non
898 495 1078 562 laboravit

83 601 87 610 ’
185 593 223 656 in
244 613 287 658 ea
309 601 598 676 constituenda.
628 602 679 676 ¹ld
701 619 1011 683 quoquevanum
1029 613 1079 668 est

100 726 102 740 ι
186 711 223 766 et
250 719 427 794 magnum
456 705 604 771 malurn.
650 707 761 805 Quid
789 709 1079 788 enimproderlt

186 825 280 872 suus
300 808 451 872 homini
471 815 595 887 l.,abor
617 822 652 876 et
673 815 848 878 aliliclio
870 814 1005 876 cordis
1024 820 1080 890 sui,

186 933 261 996 quo
281 899 439 982 laborat
471 921 543 982 sub
575 921 683 984 solet
726 919 865 984 Omnes
892 921 978 982 dies
1008 922 1080 1001 ejus

187 1021 350 1086 dolores
379 1031 427 1128 et
458 1025 680 1124 indignatio
719 1032 755 1089 et
787 1027 971 1090 molestia
1001 1037 1080 1091 sunt.

189 1127 261 1192 Gor
290 1131 378 1210 eius
420 1148 491 1194 nec
532 1117 649 1194 noctu
681 1132 865 1210 quiescit.
932 1132 971 1193 ld
1005 1151 1082 1198 vero

486 1254 669 1301 vanum
690 1247 758 1300 est
822 1256 826 1272 ·

272 1387 414 1462 Gessavi,
446 1389 556 1468 inquit,
589 1397 623 1453 ut
643 1389 827 1454 abstinerem
854 1389 894 1452 ab
922 1389 1084 1486 amnicum

190 1497 389 1590 negotiorum,
407 1512 493 1574 quae
514 1483 589 1558 fiunt
605 1498 663 1560 sub
686 1499 760 1559 sole.
801 1495 885 1557 Haec
900 1475 964 1582 vor}
980 1495 1027 1564 est
1044 1513 1085 1558 sa·

190 1602 318 1682 plantis,
350 1602 402 1680 qui
432 1610 559 1665 reuocat
580 1619 633 1665 cor
659 1619 749 1665 suurn
771 1602 809 1664 ad
838 1617 946 1680 paoem
974 1602 1086 1664 acuis.

191 1705 251 1770 Ero
273 1714 434 1770 contentus
455 1709 684 1787 praesentibus,
715 1709 794 1778 etin
816 1723 964 1802 praesens
985 1709 1085 1782 latiam,

192 1822 223 1875 et
243 1815 336 1875 leram
365 1813 449 1894 quod
470 1815 554 1876 Deus
583 1815 661 1912 vult,
688 1831 745 1876 nec
767 1789 882 1877 curabo
900 1794 942 1876 de
963 1815 1086 1908 crastino

190 1917 254 1982 Ista
274 1929 322 1983 est
343 1921 517 1994 conclusio,
545 1936 637 2024 quarn
658 1928 769 1998 postea
789 1936 902 1998 magna
923 1901 1010 1998 copia
1028 1936 1085 1982 cou-

94 2107 99 2128 ,
191 2025 304 2101 firmat,
325 2025 447 2116 dicens:
517 2025 522 2033 '

95 2209 99 2222 ·
190 2179 291 2256 iiam
316 2191 430 2256 homo
464 2207 547 2255 cum
567 2181 780 2256 laborarit
816 2191 853 2252 in
890 2173 1087 2306 scalentin,

372 2300 544 2363 scientia
573 2303 615 2361 et
636 2293 834 2362 industria
861 2303 919 2360 etc.
960 2296 1030 2394 'll
1091 2299 1094 2310 '

279 2437 375 2513 Vides
397 2450 449 2513 hic
470 2412 543 2534 quid
565 2431 712 2549 intelligat
728 2467 786 2552 per
807 2445 1036 2529 sapientiamc),
1053 2448 1089 2508 vi-

194 2549 322 2652 'delicet
325 2574 391 2644 non
406 2559 487 2619 illam
509 2543 760 2648 speculatricem,
778 2557 834 2619 sed
856 2553 1089 2618 administranda-

192 2659 259 2726 runi
289 2681 404 2737 rerunt,
410 2653 609 2758 industriam
623 2660 655 2742 d)
687 2680 761 2730 vero
789 2681 847 2772 seu
874 2649 1089 2756 congruentiam,

145 2763 162 2840 ζ
195 2741 423 2890 Θιῐιιίιῖιιιιιιι
397 2769 438 2848 tt,
465 2740 549 2849 quod
571 2747 672 2833 omnia
700 2751 805 2834 ordine
827 2777 857 2836 et
878 2777 1012 2862 tempore
1031 2782 1089 2828 con·

197 2877 375 2974 ειίιιιιιιιιιιι,
407 2877 487 2938 sicut
512 2877 581 2956 ipse
589 2857 760 2976 constituit
747 2875 942 2939 tduodecim
964 2855 1074 2936 duces
1068 2888 1090 2930 ιι

197 2990 285 3055 terra,
308 2963 422 3044 certum
443 2983 567 3062 victum,
589 2999 688 3060 equos
708 2990 763 3063 etc.
805 2981 910 3054 Hoc
902 2997 1031 3060 mquam,
1048 2993 1090 3037 vo-

197 3095 247 3150 cat
267 3087 406 3150 laborare
428 3081 458 3149 in
480 3106 538 3152 sua
553 3089 712 3169 sapientia.
752 3088 840 3151 llunc
856 3095 957 3148 autem
977 3086 1090 3146 laborem

97 3213 100 3221 ·
168 3211 255 3258 ›seu
283 3201 400 3272 partem
430 3195 571 3274 relinquit
591 3194 721 3268 homini,
749 3194 802 3272 qui
830 3210 891 3256 non
907 3190 1054 3254 laboravit
1070 3190 1090 3248 in

108 3381 114 3388 ,
199 3317 237 3362 eo
259 3291 396 3378 tempore
412 3295 486 3376 ³⁸),
507 3302 584 3372 imo,
606 3300 690 3381 quod
710 3300 880 3363 inloelicius
900 3305 964 3372 est,
990 3296 1091 3366 homini,

199 3405 253 3484 qui
275 3405 350 3470 illud
365 3407 493 3484 negligit
520 3415 550 3469 et
574 3407 666 3469 tradit
687 3407 841 3471 oblivioni.
883 3405 958 3468 Cum
979 3405 1091 3472 multon,

273 3699 304 3764 c)
323 3697 465 3768 Sapientia.
536 3697 724 3768 d)1ndurtrie.

275 3791 327 3862 38)
346 3807 427 3869 opere
450 3791 562 3866 (15³2).
662 3832 665 3838 ι
738 3793 740 3800 ’
