2308 4316
312 273 315 286 ·
342 249 528 310 Ecetcstssue
547 247 717 363 quomens.
917 213 921 221 ¹
946 235 984 302 11

90 431 211 510 taphoris
227 437 256 491 et
276 430 432 508 parabolis
454 445 473 490 a
494 442 593 491 rerum
615 435 722 489 natura
743 423 875 504 sumptis
898 423 987 500 piena

90 545 150 602 sunt
169 535 280 609 omnia,
312 543 347 598 ut
367 537 420 614 qui
448 534 528 597 haec
548 552 567 597 e
594 533 692 598 sacris
719 532 805 594 tibris
828 527 987 592 ubstuierit

90 659 215 720 magnam
236 658 363 720 quoque
384 643 481 704 lucem
505 643 594 704 simul
613 637 653 719 1)-
669 640 835 702 abstulerit.

161 748 339 826 Simpliciter
360 748 464 826 itaque
490 747 556 810 iibri
584 747 652 810 sive
678 744 850 824 subjectum
860 741 895 823 b)
921 743 988 806 sive

88 856 198 919 muteris
219 860 282 928 cst,
310 853 475 916 humanum
505 871 617 932 geniis,
645 854 728 932 quod
760 853 839 914 adeo
862 851 986 912 stuitum

87 971 139 1033 est,
165 969 196 1023 ut
215 962 309 1024 muita
330 968 458 1040 quaerat
478 968 509 1022 et
531 966 657 1022 conetur
677 961 743 1022 suis
765 957 884 1029 studiis,
905 969 987 1034 quae

87 1080 173 1132 tamen
195 1069 321 1146 assequi
350 1081 410 1129 non
440 1075 557 1146 potest,
584 1074 637 1128 aut
658 1067 685 1129 si
708 1065 899 1143 assequitur,
927 1077 987 1147 nou

81 1186 174 1238 tamen
195 1175 317 1247 fruitur,¹
347 1173 403 1235 sed
431 1191 500 1236 cum
523 1174 627 1236 dolore
643 1169 677 1250 8)
702 1177 732 1234 et
752 1171 863 1232 damno
886 1167 988 1246 possi-

89 1283 138 1354 det
158 1282 244 1358 culpe
265 1296 326 1343 non
346 1297 454 1352 rerum,
476 1280 532 1341 sed
545 1279 793 1341 stultissimorum
815 1275 987 1338 effectuum.

88 1387 173 1450 Julius
193 1385 352 1465 caesare)
375 1393 515 1448 versatur
543 1385 573 1446 in
596 1385 698 1446 studio
721 1383 839 1445 tenendi
861 1381 987 1460 imperii,

86 1493 193 1572 quantis
210 1509 283 1556 vero
307 1493 464 1571 periculis,
487 1491 609 1572 quantis
620 1491 777 1553 laboribus
791 1507 829 1551 ea
849 1505 900 1551 res
914 1505 987 1550 cou-

85 1598 167 1661 stititt
207 1599 305 1674 Quam
326 1599 379 1660 ubi
402 1599 531 1688 cdcptus
552 1605 609 1674 cst,
630 1615 690 1660 non
712 1605 812 1662 umen
833 1601 882 1660 est
903 1594 989 1674 quie·

15 1755 16 1762 ,
85 1711 139 1777 tus,
158 1721 216 1766 uon
237 1703 490 1783 habetoptatum,
511 1705 608 1767 sedin
621 1707 755 1792 mammo
769 1711 880 1768 conatu
902 1704 988 1781 ptura
1071 1778 1077 1792 ι

87 1809 280 1888 consequendi
304 1811 472 1874 miserrime
493 1811 580 1890 peric
865 1893 869 1898 ⁵

155 1916 234 1978 idem
256 1915 290 1976 fit
316 1918 345 1977 in
368 1918 510 1980 omnibus
531 1908 675 1980 immunis
694 1917 819 1990 studiis,
846 1934 914 1979 cum
943 1897 987 1978 si·

15 2019 17 2030 ’
86 2021 168 2083 iiuuut
197 2039 263 2094 ree,
298 2041 371 2084 mox
399 2024 489 2086 adest
517 2024 689 2100 festidium3
720 2025 748 2085 si
769 2039 829 2086 non
851 2014 1013 2094 affluunt,‘

84 2128 164 2189 adest*
196 2128 393 2191 insaturabile
434 2128 565 2192 habendi
602 2129 786 2192 desiderium
827 2147 863 2190 uc
904 2109 985 2191 nuile
1067 2105 1071 2118 ⁴

85 2234 170 2312 quies.
211 2235 358 2298 Viderunt
378 2235 439 2300 hoc
459 2237 583 2299 humaui
610 2237 721 2314 ingenii
743 2237 848 2299 vitium
869 2233 986 2297 Etimici

87 2339 249 2418 scriptores.
298 2341 350 2404 Sic
377 2343 456 2404 enim
479 2342 612 2416 Ovidius,
629 2341 682 2422 d):
725 2344 812 2420 Quod
833 2342 915 2416 iicet,
944 2343 988 2403 iu·
1087 2399 1089 2402 .

85 2449 190 2522 gratum
226 2452 290 2517 est,
334 2446 416 2526 quod
450 2465 509 2510 non
539 2450 621 2522 iicet,
659 2451 761 2513 acrius
797 2450 871 2526 urit;
903 2448 987 2528 quod

84 2551 208 2629 sequitur
239 2552 339 2628 fugio,
375 2551 469 2632 quod‘
487 2557 576 2632 fugit,
621 2557 689 2633 ipsc
721 2573 844 2636 sequor.
893 2557 983 2618 Item:

83 2658 167 2719 Nemo
195 2663 279 2720 sorte
313 2675 371 2722 sua
406 2663 565 2724 contentus
602 2653 692 2733 vivit,‘
720 2669 751 2724 et
782 2664 859 2726 intra
892 2666 985 2728 tortu·

85 2777 143 2824 uam
167 2763 271 2826 didicit
291 2781 380 2828 neme
402 2783 524 2830 manere
545 2783 643 2832 suam
685 2769 769 2832 Haec
790 2777 838 2834 est
859 2769 985 2833 humuni

85 2870 172 2933 cordis
198 2871 321 2938 vanitas
345 2874 394 2950 et,
431 2882 465 2936 ut
499 2892 652 2955 nunquam
692 2877 733 2939 sit
771 2876 983 2956 praesentibus
1088 2865 1091 2876 ’

83 2969 159 3038 doris
186 2977 240 3038 Dei
278 2985 465 3052 contentum,
499 2982 559 3045 imo
594 2985 745 3062 neglectui
774 2984 825 3045 itm
850 2982 984 3056 habene,

82 3099 114 3142 ex
140 3083 204 3145 ctiis
232 3099 356 3162 semper
384 3087 503 3163 quaerit
532 3090 623 3163 alicu·
638 3109 695 3153 nec
717 3091 863 3170 quiescit,
884 3091 983 3152 donec

83 3177 255 3267 assequatur
275 3193 389 3268 cupita,
421 3199 452 3254 et
473 3203 642 3275 assequuta
672 3213 792 3260 rursum
820 3197 983 3261 contemnit

81 3295 150 3356 etin
170 3296 229 3428 etia
247 3296 384 3374 respicit.
505 3365 525 3414 ο

1008 3033 1016 3064 Ι

141 3567 168 3634 Ιι)
187 3565 338 3634 subjectum
357 3567 434 3636 hujus
452 3569 522 3625 libri.
561 3571 643 3627 15³6:
667 3573 843 3632 Ecclesiastce
862 3579 980 3632 ueteris.

82 3661 107 3728 ι)
123 3661 203 3716 Julius
221 3661 328 3718 Gsessr.
369 3663 402 3733 ri)
423 3663 542 3724 Ovidius.
584 3670 614 3737 e)
633 3669 740 3726 vintrus
758 3671 864 3727 unnim
883 3675 978 3730 cordis.

84 3755 153 3833 uec:
171 3757 282 3812 [inmani
301 3760 401 3828 ingenii
422 3763 532 3815 vanites.
728 3763 735 3770 ’

141 3850 170 3920 t)
190 3851 279 3916 mitis
300 3853 413 3923 (15³2).
469 3855 502 3925 8)
522 3856 614 3910 dcierc
633 3857 743 3928 (1532).
