2386 4316
244 293 246 302 ι
394 217 704 318 connumeratum.
729 292 731 297 -
940 243 1003 316 333

74 443 186 530 ¹mone
206 437 320 513 floruit,
342 436 518 518 proque·³ea
539 435 601 516 egit
622 434 752 515 gratias3
783 449 864 499 nune
883 437 1003 517 prospi-

79 531 135 610 ¹uit
157 546 188 608 in
209 547 309 628 lutura
329 541 481 625 tem'pora,
512 551 542 610 et
572 543 656 607 videt
684 544 724 608 ob
753 551 879 622 peuoata
900 543 1004 624 populi
1119 539 1136 574 ⁷

90 654 188 716 variis
210 654 298 717 malls
312 637 383 716 'turn
402 651 545 731 politiam,
566 657 630 716 tum
651 649 854 716 sacerdotIum
868 649 1005 732 affligen

92 760 178 826 dttm.

177 855 436 947 Quemadmodm'n
452 865 531 928 enim
543 825 759 944 tempestatum
773 861 902 950 vloes*)
927 873 1005 940 sunt,

59 967 65 978 “
92 973 141 1035 sie
163 972 294 1036 subinde
314 987 423 1074 paoem
445 972 573 1045 bellurn,
593 971 743 1035 tristitiam
766 971 888 1046 laetitia,
910 969 1007 1033 afflie-

92 1079 207 1142 tionem
222 1077 420 1151 consolatio,
418 1093 525 1140 rursus
547 1077 785 1140 consolationem
807 1078 867 1143 alia
883 1075 1006 1142 afflietio
1037 1086 1040 1096 ’

93 1186 241 1265 sequitur.
295 1185 359 1246 llas
396 1184 480 1262 vices
520 1186 558 1246 ad
594 1185 710 1246 tinem
717 1185 779 1245 le're
807 1181 903 1276 liujus
941 1184 1008 1280 libri

94 1293 242 1356 Salomon
263 1297 380 1363 tractat,
401 1291 586 1354 etdesoribit
606 1291 722 1353 suturas
739 1290 920 1353 tentationes
941 1292 1007 1352 uni

95 1399 211 1462 versati
242 1396 455 1476 descriptione.
503 1396 556 1459 Sia
588 1403 736 1486 perpetuo
769 1396 798 1456 in
826 1394 886 1459 hou
912 1413 1007 1474 regno

91 1503 173 1578 fiet,
199 1503 329 1568 subinde
350 1504 546 1577 tentabimus,
576 1497 786 1568 exerceamur
810 1503 920 1566 variis
909 1504 1007 1566 cala-

93 1609 252 1674 mitatibus
275 1616 331 1674 eto.

190 1797 269 1890 Ego
290 1797 451 1874 dormio,
472 1804 509 1862 et
530 1776 597 1862 eor
617 1810 742 1922 meum
757 1797 907 1890 vigilat
997 1789 1016 1872 ,’

178 1936 318 2028 Dormio„
331 1951 485 2031 inueniam
502 1955 561 2017 alta
575 1969 662 2033 paee,
683 1969 793 2017 secura
807 1970 886 2029 sum,
907 1954 1008 2020 omnia
1033 2029 1036 2040 ‚

93 2068 168 2126 sunt
185 2061 353 2140 tranquilla,
372 2058 567 2124 nihilominus
590 2051 643 2124 eor
657 2076 756 2150 meum
769 2060 886 2152 alligat.¹
910 2060 1007 2126 Video
1051 2055 1053 2066 ⁴

44 2255 47 2262 .
98 2169 182 2244 enim
203 2173 333 2246 peecata
353 2164 472 2245 populi,
499 2166 588 2229 video
609 2155 720 2229 minari
735 2166 832 2258 Deum
854 2169 934 2229 mala
955 2184 1010 2246 per
1133 2214 1140 2224 .

96 2275 235 2338 verbum.
278 2273 354 2336 Sum
374 2272 465 2350 igitur
485 2272 614 2336 sollicita
636 2273 794 2336 defuturo
816 2273 896 2336 malo
917 2280 974 2338 ete.

215 2419 227 2434 ⁵
268 2463 351 2526 Vox
370 2461 512 2526 dilecti
533 2459 603 2526 mei
624 2411 836 2554 pulsantis.
898 2495 900 2504 ,

185 2619 241 2681 llio
267 2617 372 2696 insipit
398 2629 489 2694 orux;
523 2632 587 2679 vox
617 2613 766 2696 pulsantis
777 2613 836 2698 ii)
868 2623 917 2681 est
946 2635 1010 2687 vox

95 2725 236 2799 terreris,
269 2721 397 2786 volentis
418 2723 667 2801 expergefacere,
696 2739 734 2784 ne
761 2739 871 2786 secura
892 2726 1009 2791 amittat
1042 2786 1045 2800 ,

11 2900 15 2908 ,
96 2832 273 2916 praesentia
293 2831 383 2894 bona
425 2827 506 2892 crux
524 2827 604 2890 enim
619 2835 668 2890 est
687 2831 880 2916 neocaesaria
901 2839 932 2894 et
951 2834 1009 2896 uti·
1060 2807 1071 2824 ⁴

95 2939 135 3002 lis
158 2932 345 3016 noblsffl).
380 2935 443 3012 Qui
464 2933 560 3012 diligit
580 2933 673 2997 lilium
694 2949 800 3011 suum,
832 2937 1007 3019 multiplicat
1112 2951 1117 2960 '

96 3046 124 3107 ei
146 3043 275 3123 flagella,
297 3041 398 3106 dion
390 3059 420 3105 ιιι
440 3041 583 3107 Proverb.

95 3213 216 3292 Aperi
231 3211 331 3284 mihi,
353 3211 545 3273 amieaete.
568 3208 661 3304 quia¹
681 3217 800 3288 eaput
815 3226 932 3274 meum
949 3221 1011 3302 eta.¹

109 3338 111 3344 X
178 3365 401 3428 listaoeusatio
424 3378 568 3444 sponsae.
598 3363 671 3454 Pau,
693 3375 755 3442 quo
776 3363 924 3428 haetenus
945 3366 1006 3428 iru-
1083 3405 1091 3418 -

96 3473 167 3547 eris,
188 3479 219 3535 te
240 3461 430 3536 desidiosam
450 3471 531 3556 lauit.
573 3469 659 3534 laees
690 3471 721 3534 iu
742 3463 835 3546 leuto,
864 3485 1007 3565 menon·

94 3641 307 3656 um

168 3755 200 3828 a)
223 3755 322 3813 Rerum
338 3753 508 3814 vicissitudo·
531 3753 588 3830 ”J
608 3751 812 3874 Voxpulsantiu.
837 3751 917 3827 “’”)
938 3747 1006 3812 Crux

96 3851 178 3911 utilis
728 3859 761 3874 '¹'
787 3863 812 3876 ”
841 3865 845 3874 ’
867 3857 881 3876 ’“
