<?xml version="1.0" encoding="UTF-8"?>
<!DOCTYPE html PUBLIC "-//W3C//DTD XHTML 1.0 Transitional//EN"
    "http://www.w3.org/TR/xhtml1/DTD/xhtml1-transitional.dtd">
<html xmlns="http://www.w3.org/1999/xhtml" xml:lang="en" lang="en">
 <head>
  <title>
</title>
<meta http-equiv="Content-Type" content="text/html;charset=utf-8" />
  <meta name='ocr-system' content='tesseract 3.04.00' />
  <meta name='ocr-capabilities' content='ocr_page ocr_carea ocr_par ocr_line ocrx_word'/>
</head>
<body>
  <div class='ocr_page' id='page_1' title='image "./exegeticaoperal07luthgoog_0217.png"; bbox 0 0 2406 4322; ppageno 0'>
   <div class='ocr_carea' id='block_1_1' title="bbox 175 345 183 382">
    <p class='ocr_par' dir='ltr' id='par_1_1' title="bbox 175 345 183 382">
     <span class='ocr_line' id='line_1_1' title="bbox 175 345 183 382; baseline 0 0"><span class='ocrx_word' id='word_1_1' title='bbox 175 345 183 382; x_wconf 81' lang='grc' dir='ltr'><strong><em>Ι</em></strong></span> 
     </span>
    </p>
   </div>
   <div class='ocr_carea' id='block_1_2' title="bbox 235 259 838 350">
    <p class='ocr_par' dir='ltr' id='par_1_2' title="bbox 235 259 838 350">
     <span class='ocr_line' id='line_1_2' title="bbox 235 259 838 350; baseline 0.008 -18"><span class='ocrx_word' id='word_1_2' title='bbox 235 259 298 332; x_wconf 75' lang='grc'>208</span> <span class='ocrx_word' id='word_1_3' title='bbox 515 320 518 329; x_wconf 84' lang='grc'>.</span> <span class='ocrx_word' id='word_1_4' title='bbox 567 277 656 350; x_wconf 80' lang='lat' dir='ltr'>crput</span> <span class='ocrx_word' id='word_1_5' title='bbox 677 277 838 338; x_wconf 78' lang='lat' dir='ltr'>decimum-</span> 
     </span>
    </p>
   </div>
   <div class='ocr_carea' id='block_1_3' title="bbox 110 443 1126 1070">
    <p class='ocr_par' dir='ltr' id='par_1_3' title="bbox 110 443 1126 1070">
     <span class='ocr_line' id='line_1_3' title="bbox 237 443 1124 534; baseline 0.009 -18"><span class='ocrx_word' id='word_1_6' title='bbox 237 454 350 526; x_wconf 85' lang='lat' dir='ltr'>uudirs,</span> <span class='ocrx_word' id='word_1_7' title='bbox 371 443 476 532; x_wconf 82' lang='lat' dir='ltr'>petest·</span> <span class='ocrx_word' id='word_1_8' title='bbox 494 453 532 515; x_wconf 83' lang='lat' dir='ltr'>ad</span> <span class='ocrx_word' id='word_1_9' title='bbox 555 465 674 534; x_wconf 86' lang='lat' dir='ltr'>tempus</span> <span class='ocrx_word' id='word_1_10' title='bbox 697 451 856 534; x_wconf 79' lang='lat' dir='ltr'>quiescere</span> <span class='ocrx_word' id='word_1_11' title='bbox 877 457 1062 520; x_wconf 79' lang='lat' dir='ltr'>consciendo</span> <span class='ocrx_word' id='word_1_12' title='bbox 1080 467 1124 524; x_wconf 83' lang='lat' dir='ltr'>etr.</span> 
     </span>
     <span class='ocr_line' id='line_1_4' title="bbox 235 551 1126 640; baseline 0.004 -18"><span class='ocrx_word' id='word_1_13' title='bbox 235 551 340 622; x_wconf 81' lang='lat' dir='ltr'>Potest</span> <span class='ocrx_word' id='word_1_14' title='bbox 365 561 415 620; x_wconf 88' lang='lat' dir='ltr'>uti·</span> <span class='ocrx_word' id='word_1_15' title='bbox 438 561 666 638; x_wconf 76' lang='lat' dir='ltr'>suusapientie</span> <span class='ocrx_word' id='word_1_16' title='bbox 696 578 750 638; x_wconf 89' lang='lat' dir='ltr'>pro</span> <span class='ocrx_word' id='word_1_17' title='bbox 767 563 839 624; x_wconf 60' lang='lat' dir='ltr'>‘inco</span> <span class='ocrx_word' id='word_1_18' title='bbox 860 571 891 624; x_wconf 82' lang='lat' dir='ltr'>et</span> <span class='ocrx_word' id='word_1_19' title='bbox 911 561 1063 640; x_wconf 78' lang='lat' dir='ltr'>personis,</span> <span class='ocrx_word' id='word_1_20' title='bbox 1086 580 1126 626; x_wconf 89' lang='lat' dir='ltr'>sc-</span> 
     </span>
     <span class='ocr_line' id='line_1_5' title="bbox 232 666 1126 744; baseline 0.003 -16"><span class='ocrx_word' id='word_1_21' title='bbox 232 666 368 728; x_wconf 74' lang='lat' dir='ltr'>‘cundum</span> <span class='ocrx_word' id='word_1_22' title='bbox 390 666 472 744; x_wconf 80' lang='lat' dir='ltr'>quod</span> <span class='ocrx_word' id='word_1_23' title='bbox 502 668 611 728; x_wconf 87' lang='lat' dir='ltr'>viderit</span> <span class='ocrx_word' id='word_1_24' title='bbox 636 668 811 728; x_wconf 74' lang='lat' dir='ltr'>dextre-vet</span> <span class='ocrx_word' id='word_1_25' title='bbox 839 666 961 729; x_wconf 74' lang='lat' dir='ltr'>sinistre</span> <span class='ocrx_word' id='word_1_26' title='bbox 985 683 1126 731; x_wconf 85' lang='lat' dir='ltr'>cessurum</span> 
     </span>
     <span class='ocr_line' id='line_1_6' title="bbox 235 772 1126 851; baseline 0.002 -16"><span class='ocrx_word' id='word_1_27' title='bbox 235 791 325 836; x_wconf 88' lang='lat' dir='ltr'>suurn</span> <span class='ocrx_word' id='word_1_28' title='bbox 351 772 521 834; x_wconf 89' lang='lat' dir='ltr'>consilium.</span> <span class='ocrx_word' id='word_1_29' title='bbox 565 773 723 846; x_wconf 78' lang='lat' dir='ltr'>stuttusc)</span> <span class='ocrx_word' id='word_1_30' title='bbox 756 785 828 836; x_wconf 83' lang='lat' dir='ltr'>nere</span> <span class='ocrx_word' id='word_1_31' title='bbox 854 789 915 834; x_wconf 88' lang='lat' dir='ltr'>non</span> <span class='ocrx_word' id='word_1_32' title='bbox 940 779 990 834; x_wconf 89' lang='lat' dir='ltr'>cst</span> <span class='ocrx_word' id='word_1_33' title='bbox 1015 790 1126 851; x_wconf 84' lang='lat' dir='ltr'>compos</span> 
     </span>
     <span class='ocr_line' id='line_1_7' title="bbox 110 877 1126 960; baseline 0.003 -20"><span class='ocrx_word' id='word_1_34' title='bbox 110 949 115 960; x_wconf 28' lang='lat'><em>⁶</em></span> <span class='ocrx_word' id='word_1_35' title='bbox 233 880 284 956; x_wconf 73' lang='lat' dir='ltr'>sui</span> <span class='ocrx_word' id='word_1_36' title='bbox 303 877 433 950; x_wconf 76' lang='lat' dir='ltr'>cuniis,¹</span> <span class='ocrx_word' id='word_1_37' title='bbox 448 878 502 939; x_wconf 87' lang='lat' dir='ltr'>sed</span> <span class='ocrx_word' id='word_1_38' title='bbox 525 879 637 954; x_wconf 80' lang='lat' dir='ltr'>cogitat</span> <span class='ocrx_word' id='word_1_39' title='bbox 659 893 853 956; x_wconf 75' lang='lat' dir='ltr'>perrumpere</span> <span class='ocrx_word' id='word_1_40' title='bbox 878 879 1044 940; x_wconf 88' lang='lat' dir='ltr'>secundum</span> <span class='ocrx_word' id='word_1_41' title='bbox 1064 895 1126 944; x_wconf 86' lang='lat' dir='ltr'>suos</span> 
     </span>
     <span class='ocr_line' id='line_1_8' title="bbox 235 963 1126 1070; baseline 0.002 -24"><span class='ocrx_word' id='word_1_42' title='bbox 235 963 379 1048; x_wconf 70' lang='lat' dir='ltr'>adiectus.</span> <span class='ocrx_word' id='word_1_43' title='bbox 424 983 534 1059; x_wconf 80' lang='lat' dir='ltr'>Magna</span> <span class='ocrx_word' id='word_1_44' title='bbox 561 991 661 1070; x_wconf 78' lang='lat' dir='ltr'>eutem</span> <span class='ocrx_word' id='word_1_45' title='bbox 688 1001 738 1046; x_wconf 84' lang='lat' dir='ltr'>res</span> <span class='ocrx_word' id='word_1_46' title='bbox 760 993 808 1046; x_wconf 88' lang='lat' dir='ltr'>est</span> <span class='ocrx_word' id='word_1_47' title='bbox 830 999 932 1062; x_wconf 86' lang='lat' dir='ltr'>posse</span> <span class='ocrx_word' id='word_1_48' title='bbox 945 984 1086 1046; x_wconf 79' lang='lat' dir='ltr'>dominari</span> <span class='ocrx_word' id='word_1_49' title='bbox 1103 995 1126 1048; x_wconf 86' lang='lat' dir='ltr'>et</span> 
     </span>
    </p>
   </div>
   <div class='ocr_carea' id='block_1_4' title="bbox 234 1088 1126 1364">
    <p class='ocr_par' dir='ltr' id='par_1_4' title="bbox 234 1088 1126 1364">
     <span class='ocr_line' id='line_1_9' title="bbox 234 1088 1126 1167; baseline -0.001 -15"><span class='ocrx_word' id='word_1_50' title='bbox 234 1088 383 1152; x_wconf 85' lang='lat' dir='ltr'>moderari</span> <span class='ocrx_word' id='word_1_51' title='bbox 412 1105 466 1152; x_wconf 89' lang='lat' dir='ltr'>cor</span> <span class='ocrx_word' id='word_1_52' title='bbox 489 1105 594 1162; x_wconf 80' lang='lat' dir='ltr'>suurn,</span> <span class='ocrx_word' id='word_1_53' title='bbox 622 1089 705 1167; x_wconf 88' lang='lat' dir='ltr'>quod</span> <span class='ocrx_word' id='word_1_54' title='bbox 732 1105 820 1150; x_wconf 86' lang='lat' dir='ltr'>nemu</span> <span class='ocrx_word' id='word_1_55' title='bbox 850 1091 920 1151; x_wconf 85' lang='lat' dir='ltr'>iecit</span> <span class='ocrx_word' id='word_1_56' title='bbox 947 1105 1005 1150; x_wconf 87' lang='lat' dir='ltr'>nec</span> <span class='ocrx_word' id='word_1_57' title='bbox 1032 1097 1126 1166; x_wconf 73' lang='lat' dir='ltr'>potest,</span> 
     </span>
     <span class='ocr_line' id='line_1_10' title="bbox 234 1191 1126 1274; baseline -0.001 -17"><span class='ocrx_word' id='word_1_58' title='bbox 234 1196 291 1258; x_wconf 87' lang='lat' dir='ltr'>nisi</span> <span class='ocrx_word' id='word_1_59' title='bbox 310 1195 363 1274; x_wconf 90' lang='lat' dir='ltr'>qui</span> <span class='ocrx_word' id='word_1_60' title='bbox 376 1191 451 1273; x_wconf 77' lang='lat'><strong>¹⁰⁵)</strong></span> <span class='ocrx_word' id='word_1_61' title='bbox 472 1195 650 1272; x_wconf 80' lang='lat' dir='ltr'>cognoverit</span> <span class='ocrx_word' id='word_1_62' title='bbox 671 1195 831 1266; x_wconf 85' lang='lat' dir='ltr'>mnndum,</span> <span class='ocrx_word' id='word_1_63' title='bbox 859 1203 891 1257; x_wconf 86' lang='lat' dir='ltr'>et</span> <span class='ocrx_word' id='word_1_64' title='bbox 910 1195 1126 1272; x_wconf 69' lang='lat' dir='ltr'>respexeritis</span> 
     </span>
     <span class='ocr_line' id='line_1_11' title="bbox 234 1301 508 1364; baseline 0 -2"><span class='ocrx_word' id='word_1_65' title='bbox 234 1301 345 1363; x_wconf 79' lang='lat' dir='ltr'><strong>dicium</strong></span> <span class='ocrx_word' id='word_1_66' title='bbox 367 1301 508 1364; x_wconf 84' lang='lat' dir='ltr'>divinum</span> 
     </span>
    </p>
   </div>
   <div class='ocr_carea' id='block_1_5' title="bbox 233 1443 1126 2164">
    <p class='ocr_par' dir='ltr' id='par_1_5' title="bbox 233 1443 1126 1726">
     <span class='ocr_line' id='line_1_12' title="bbox 233 1443 1126 1524; baseline 0.001 -16"><span class='ocrx_word' id='word_1_67' title='bbox 233 1443 392 1508; x_wconf 81' lang='lat' dir='ltr'>Etiam</span> <span class='ocrx_word' id='word_1_68' title='bbox 384 1465 419 1509; x_wconf 84' lang='lat' dir='ltr'>tn</span> <span class='ocrx_word' id='word_1_69' title='bbox 451 1449 511 1510; x_wconf 86' lang='lat' dir='ltr'>viu</span> <span class='ocrx_word' id='word_1_70' title='bbox 538 1447 742 1509; x_wconf 78' lang='lat' dir='ltr'>ambulans</span> <span class='ocrx_word' id='word_1_71' title='bbox 763 1447 924 1518; x_wconf 61' lang='lat' dir='ltr'>stultus</span> <span class='ocrx_word' id='word_1_72' title='bbox 954 1447 1126 1524; x_wconf 89' lang='lat' dir='ltr'>cumipse</span> 
     </span>
     <span class='ocr_line' id='line_1_13' title="bbox 236 1535 1125 1634; baseline 0.001 -21"><span class='ocrx_word' id='word_1_73' title='bbox 236 1553 433 1631; x_wconf 83' lang='lat' dir='ltr'>insipiens</span> <span class='ocrx_word' id='word_1_74' title='bbox 464 1553 530 1626; x_wconf 90' lang='lat' dir='ltr'>sit,</span> <span class='ocrx_word' id='word_1_75' title='bbox 571 1570 701 1615; x_wconf 89' lang='lat' dir='ltr'>omnes</span> <span class='ocrx_word' id='word_1_76' title='bbox 740 1535 868 1614; x_wconf 87' lang='lat' dir='ltr'>tamen</span> <span class='ocrx_word' id='word_1_77' title='bbox 902 1569 971 1634; x_wconf 88' lang='lat' dir='ltr'>pro</span> <span class='ocrx_word' id='word_1_78' title='bbox 1003 1553 1125 1614; x_wconf 81' lang='lat' dir='ltr'>stultis</span> 
     </span>
     <span class='ocr_line' id='line_1_14' title="bbox 621 1659 747 1740; baseline -0.06 -14"><span class='ocrx_word' id='word_1_79' title='bbox 621 1659 747 1740; x_wconf 83' lang='lat' dir='ltr'>hebet</span> 
     </span>
    </p>

    <p class='ocr_par' dir='ltr' id='par_1_6' title="bbox 234 1757 1125 2164">
     <span class='ocr_line' id='line_1_15' title="bbox 316 1757 1125 1842; baseline -0.001 -16"><span class='ocrx_word' id='word_1_80' title='bbox 316 1765 432 1828; x_wconf 86' lang='lat' dir='ltr'>idest:</span> <span class='ocrx_word' id='word_1_81' title='bbox 468 1765 534 1827; x_wconf 88' lang='lat' dir='ltr'>Non</span> <span class='ocrx_word' id='word_1_82' title='bbox 564 1757 640 1835; x_wconf 72' lang='lat' dir='ltr'>sniis</span> <span class='ocrx_word' id='word_1_83' title='bbox 668 1761 762 1826; x_wconf 83' lang='lat' dir='ltr'>habet</span> <span class='ocrx_word' id='word_1_84' title='bbox 789 1765 871 1842; x_wconf 89' lang='lat' dir='ltr'>quod</span> <span class='ocrx_word' id='word_1_85' title='bbox 899 1764 967 1842; x_wconf 89' lang='lat' dir='ltr'>ipse</span> <span class='ocrx_word' id='word_1_86' title='bbox 989 1763 1125 1840; x_wconf 85' lang='lat' dir='ltr'>prucvniet</span> 
     </span>
     <span class='ocr_line' id='line_1_16' title="bbox 235 1869 1123 1954; baseline -0.005 -21"><span class='ocrx_word' id='word_1_87' title='bbox 235 1873 340 1954; x_wconf 89' lang='lat' dir='ltr'>pruvis</span> <span class='ocrx_word' id='word_1_88' title='bbox 366 1871 516 1943; x_wconf 85' lang='lat' dir='ltr'>consiliis</span> <span class='ocrx_word' id='word_1_89' title='bbox 547 1878 580 1932; x_wconf 91' lang='lat' dir='ltr'>ut</span> <span class='ocrx_word' id='word_1_90' title='bbox 609 1869 730 1948; x_wconf 82' lang='lat' dir='ltr'>cogaris</span> <span class='ocrx_word' id='word_1_91' title='bbox 756 1869 786 1930; x_wconf 90' lang='lat' dir='ltr'>ei</span> <span class='ocrx_word' id='word_1_92' title='bbox 816 1870 938 1941; x_wconf 88' lang='lat' dir='ltr'>cedere,</span> <span class='ocrx_word' id='word_1_93' title='bbox 970 1869 1123 1930; x_wconf 84' lang='lat' dir='ltr'>sedetiam</span> 
     </span>
     <span class='ocr_line' id='line_1_17' title="bbox 235 1973 1124 2070; baseline -0.009 -29"><span class='ocrx_word' id='word_1_94' title='bbox 235 1981 312 2042; x_wconf 81' lang='lat' dir='ltr'>ferre</span> <span class='ocrx_word' id='word_1_95' title='bbox 334 1979 469 2056; x_wconf 78' lang='lat' dir='ltr'>cogeris,</span> <span class='ocrx_word' id='word_1_96' title='bbox 495 1977 577 2057; x_wconf 90' lang='lat' dir='ltr'>quod</span> <span class='ocrx_word' id='word_1_97' title='bbox 599 1975 693 2039; x_wconf 85' lang='lat' dir='ltr'>habet</span> <span class='ocrx_word' id='word_1_98' title='bbox 720 1973 846 2052; x_wconf 73' lang='lat' dir='ltr'>gloriam</span> <span class='ocrx_word' id='word_1_99' title='bbox 875 1975 913 2036; x_wconf 91' lang='lat' dir='ltr'>de</span> <span class='ocrx_word' id='word_1_100' title='bbox 940 1991 998 2038; x_wconf 87' lang='lat' dir='ltr'>sue</span> <span class='ocrx_word' id='word_1_101' title='bbox 1018 1974 1124 2070; x_wconf 80' lang='lat' dir='ltr'>stultitia</span> 
     </span>
     <span class='ocr_line' id='line_1_18' title="bbox 234 2063 1122 2164; baseline -0.007 -16"><span class='ocrx_word' id='word_1_102' title='bbox 234 2101 291 2148; x_wconf 87' lang='lat' dir='ltr'>seu</span> <span class='ocrx_word' id='word_1_103' title='bbox 318 2101 414 2164; x_wconf 88' lang='lat' dir='ltr'>prnvo</span> <span class='ocrx_word' id='word_1_104' title='bbox 442 2071 583 2155; x_wconf 78' lang='lat' dir='ltr'>consiliu,</span> <span class='ocrx_word' id='word_1_105' title='bbox 618 2089 649 2144; x_wconf 90' lang='lat' dir='ltr'>et</span> <span class='ocrx_word' id='word_1_106' title='bbox 678 2080 842 2160; x_wconf 89' lang='lat' dir='ltr'>opprobrio</span> <span class='ocrx_word' id='word_1_107' title='bbox 871 2079 983 2142; x_wconf 79' lang='lat' dir='ltr'>efficiat</span> <span class='ocrx_word' id='word_1_108' title='bbox 1010 2063 1122 2142; x_wconf 86' lang='lat' dir='ltr'>omniun</span> 
     </span>
    </p>
   </div>
   <div class='ocr_carea' id='block_1_6' title="bbox 179 2173 1122 2268">
    <p class='ocr_par' dir='ltr' id='par_1_7' title="bbox 179 2173 1122 2268">
     <span class='ocr_line' id='line_1_19' title="bbox 179 2173 1122 2268; baseline -0.007 -15"><span class='ocrx_word' id='word_1_109' title='bbox 179 2173 182 2186; x_wconf 67' lang='grc'><em>’</em></span> <span class='ocrx_word' id='word_1_110' title='bbox 235 2191 362 2254; x_wconf 88' lang='lat' dir='ltr'>uiiorum</span> <span class='ocrx_word' id='word_1_111' title='bbox 395 2189 584 2268; x_wconf 84' lang='lat' dir='ltr'>sapientiem</span> <span class='ocrx_word' id='word_1_112' title='bbox 646 2187 678 2250; x_wconf 88' lang='lat' dir='ltr'>Si</span> <span class='ocrx_word' id='word_1_113' title='bbox 717 2189 795 2248; x_wconf 88' lang='lat' dir='ltr'>enirn</span> <span class='ocrx_word' id='word_1_114' title='bbox 827 2187 906 2248; x_wconf 90' lang='lat' dir='ltr'>benc</span> <span class='ocrx_word' id='word_1_115' title='bbox 943 2187 1122 2256; x_wconf 83' lang='lat' dir='ltr'>consulueris,</span> 
     </span>
    </p>
   </div>
   <div class='ocr_carea' id='block_1_7' title="bbox 234 2292 1122 2479">
    <p class='ocr_par' dir='ltr' id='par_1_8' title="bbox 234 2292 1122 2479">
     <span class='ocr_line' id='line_1_20' title="bbox 234 2292 1122 2372; baseline -0.01 -12"><span class='ocrx_word' id='word_1_116' title='bbox 234 2299 335 2360; x_wconf 81' lang='lat' dir='ltr'>statim</span> <span class='ocrx_word' id='word_1_117' title='bbox 357 2297 526 2368; x_wconf 83' lang='lat' dir='ltr'>insultabit,</span> <span class='ocrx_word' id='word_1_118' title='bbox 556 2301 585 2356; x_wconf 86' lang='lat' dir='ltr'>et</span> <span class='ocrx_word' id='word_1_119' title='bbox 606 2293 838 2356; x_wconf 74' lang='lat' dir='ltr'>calumniabitur</span> <span class='ocrx_word' id='word_1_120' title='bbox 865 2292 980 2372; x_wconf 87' lang='lat' dir='ltr'>optime</span> <span class='ocrx_word' id='word_1_121' title='bbox 1006 2293 1078 2354; x_wconf 83' lang='lat' dir='ltr'>dictu</span> <span class='ocrx_word' id='word_1_122' title='bbox 1099 2299 1122 2352; x_wconf 85' lang='lat' dir='ltr'>et</span> 
     </span>
     <span class='ocr_line' id='line_1_21' title="bbox 234 2395 1122 2479; baseline -0.011 -12"><span class='ocrx_word' id='word_1_123' title='bbox 234 2402 390 2479; x_wconf 56' lang='lat' dir='ltr'>consulum</span> <span class='ocrx_word' id='word_1_124' title='bbox 412 2403 467 2465; x_wconf 88' lang='lat' dir='ltr'>sed</span> <span class='ocrx_word' id='word_1_125' title='bbox 491 2411 521 2464; x_wconf 92' lang='lat' dir='ltr'>tu</span> <span class='ocrx_word' id='word_1_126' title='bbox 542 2401 709 2478; x_wconf 88' lang='lat' dir='ltr'>responde:</span> <span class='ocrx_word' id='word_1_127' title='bbox 734 2395 798 2476; x_wconf 81' lang='lat' dir='ltr'>Ego</span> <span class='ocrx_word' id='word_1_128' title='bbox 821 2399 968 2473; x_wconf 81' lang='lat' dir='ltr'>conserui,</span> <span class='ocrx_word' id='word_1_129' title='bbox 990 2415 1062 2476; x_wconf 80' lang='lat' dir='ltr'>cogn</span> <span class='ocrx_word' id='word_1_130' title='bbox 1080 2414 1122 2458; x_wconf 89' lang='lat' dir='ltr'>nc-</span> 
     </span>
    </p>
   </div>
   <div class='ocr_carea' id='block_1_8' title="bbox 235 2491 1180 2588">
    <p class='ocr_par' dir='ltr' id='par_1_9' title="bbox 235 2491 1180 2588">
     <span class='ocr_line' id='line_1_22' title="bbox 235 2491 1180 2588; baseline -0.004 -16"><span class='ocrx_word' id='word_1_131' title='bbox 235 2511 353 2582; x_wconf 88' lang='lat' dir='ltr'>minem,</span> <span class='ocrx_word' id='word_1_132' title='bbox 374 2516 405 2573; x_wconf 88' lang='lat' dir='ltr'>et</span> <span class='ocrx_word' id='word_1_133' title='bbox 419 2509 500 2588; x_wconf 86' lang='lat' dir='ltr'>quod</span> <span class='ocrx_word' id='word_1_134' title='bbox 524 2507 595 2569; x_wconf 89' lang='lat' dir='ltr'>mibi</span> <span class='ocrx_word' id='word_1_135' title='bbox 616 2506 730 2568; x_wconf 88' lang='lat' dir='ltr'>bunum</span> <span class='ocrx_word' id='word_1_136' title='bbox 746 2506 845 2568; x_wconf 88' lang='lat' dir='ltr'>visum</span> <span class='ocrx_word' id='word_1_137' title='bbox 863 2512 919 2578; x_wconf 78' lang='lat' dir='ltr'>est</span> <span class='ocrx_word' id='word_1_138' title='bbox 941 2505 1011 2568; x_wconf 86' lang='lat' dir='ltr'>dixi.</span> <span class='ocrx_word' id='word_1_139' title='bbox 1039 2503 1122 2564; x_wconf 85' lang='lat' dir='ltr'>Primo</span> <span class='ocrx_word' id='word_1_140' title='bbox 1179 2491 1180 2568; x_wconf 72' lang='grc' dir='ltr'>Ϊ</span> 
     </span>
    </p>
   </div>
   <div class='ocr_carea' id='block_1_9' title="bbox 72 2581 1180 2696">
    <p class='ocr_par' dir='ltr' id='par_1_10' title="bbox 72 2581 1180 2696">
     <span class='ocr_line' id='line_1_23' title="bbox 72 2581 1180 2696; baseline -0.011 -15"><span class='ocrx_word' id='word_1_141' title='bbox 72 2581 77 2592; x_wconf 48' lang='grc'><strong><em>’</em></strong></span> <span class='ocrx_word' id='word_1_142' title='bbox 158 2597 162 2606; x_wconf 47' lang='grc'><strong>“</strong></span> <span class='ocrx_word' id='word_1_143' title='bbox 234 2635 308 2696; x_wconf 85' lang='lat' dir='ltr'>crgo</span> <span class='ocrx_word' id='word_1_144' title='bbox 338 2634 397 2681; x_wconf 90' lang='lat' dir='ltr'>non</span> <span class='ocrx_word' id='word_1_145' title='bbox 425 2615 509 2678; x_wconf 82' lang='lat' dir='ltr'>audit</span> <span class='ocrx_word' id='word_1_146' title='bbox 536 2608 710 2694; x_wconf 66' lang='lat' dir='ltr'>stultusdp,</span> <span class='ocrx_word' id='word_1_147' title='bbox 737 2609 846 2672; x_wconf 87' lang='lat' dir='ltr'>deinde</span> <span class='ocrx_word' id='word_1_148' title='bbox 873 2611 1049 2689; x_wconf 86' lang='lat' dir='ltr'>perrumpit,</span> <span class='ocrx_word' id='word_1_149' title='bbox 1078 2627 1124 2687; x_wconf 78' lang='lat' dir='ltr'>pe</span> <span class='ocrx_word' id='word_1_150' title='bbox 1179 2647 1180 2680; x_wconf 56' lang='grc' dir='ltr'><strong>ι</strong></span> 
     </span>
    </p>
   </div>
   <div class='ocr_carea' id='block_1_10' title="bbox 233 2708 1124 3007">
    <p class='ocr_par' dir='ltr' id='par_1_11' title="bbox 233 2708 1124 3007">
     <span class='ocr_line' id='line_1_24' title="bbox 236 2708 1123 2800; baseline -0.012 -15"><span class='ocrx_word' id='word_1_151' title='bbox 236 2731 363 2798; x_wconf 78' lang='lat' dir='ltr'>screno,</span> <span class='ocrx_word' id='word_1_152' title='bbox 394 2720 542 2800; x_wconf 86' lang='lat' dir='ltr'>quidquid</span> <span class='ocrx_word' id='word_1_153' title='bbox 564 2717 800 2783; x_wconf 85' lang='lat' dir='ltr'>contradixeris</span> <span class='ocrx_word' id='word_1_154' title='bbox 822 2716 922 2796; x_wconf 89' lang='lat' dir='ltr'>(quod</span> <span class='ocrx_word' id='word_1_155' title='bbox 945 2723 1024 2778; x_wconf 86' lang='lat' dir='ltr'>certe</span> <span class='ocrx_word' id='word_1_156' title='bbox 1044 2708 1123 2775; x_wconf 86' lang='lat' dir='ltr'>debes&#39;</span> 
     </span>
     <span class='ocr_line' id='line_1_25' title="bbox 234 2817 1124 2906; baseline -0.013 -14"><span class='ocrx_word' id='word_1_157' title='bbox 234 2831 342 2902; x_wconf 80' lang='lat' dir='ltr'>fucere,</span> <span class='ocrx_word' id='word_1_158' title='bbox 365 2828 421 2890; x_wconf 88' lang='lat' dir='ltr'>sed</span> <span class='ocrx_word' id='word_1_159' title='bbox 442 2834 543 2889; x_wconf 83' lang='lat' dir='ltr'>temen</span> <span class='ocrx_word' id='word_1_160' title='bbox 565 2842 624 2906; x_wconf 86' lang='lat' dir='ltr'>nun</span> <span class='ocrx_word' id='word_1_161' title='bbox 646 2827 757 2900; x_wconf 75' lang='lat' dir='ltr'>irustrn</span> <span class='ocrx_word' id='word_1_162' title='bbox 777 2817 901 2902; x_wconf 83' lang='lat' dir='ltr'>urgere)</span> <span class='ocrx_word' id='word_1_163' title='bbox 922 2821 1064 2893; x_wconf 88' lang='lat' dir='ltr'>irridebit,</span> <span class='ocrx_word' id='word_1_164' title='bbox 1081 2837 1124 2881; x_wconf 82' lang='lat' dir='ltr'>cc·</span> 
     </span>
     <span class='ocr_line' id='line_1_26' title="bbox 233 2925 1124 3007; baseline -0.013 -9"><span class='ocrx_word' id='word_1_165' title='bbox 233 2934 425 2999; x_wconf 87' lang='lat' dir='ltr'>lumninbitur</span> <span class='ocrx_word' id='word_1_166' title='bbox 445 2941 479 2996; x_wconf 87' lang='lat' dir='ltr'>ut</span> <span class='ocrx_word' id='word_1_167' title='bbox 495 2933 627 3006; x_wconf 85' lang='lat' dir='ltr'>stultum,</span> <span class='ocrx_word' id='word_1_168' title='bbox 649 2938 682 2993; x_wconf 85' lang='lat' dir='ltr'>ut</span> <span class='ocrx_word' id='word_1_169' title='bbox 700 2931 832 3007; x_wconf 85' lang='lat' dir='ltr'>impium.</span> <span class='ocrx_word' id='word_1_170' title='bbox 875 2929 959 2990; x_wconf 84' lang='lat' dir='ltr'>Hsec</span> <span class='ocrx_word' id='word_1_171' title='bbox 979 2945 1034 2991; x_wconf 91' lang='lat' dir='ltr'>nos</span> <span class='ocrx_word' id='word_1_172' title='bbox 1048 2925 1124 2989; x_wconf 84' lang='lat' dir='ltr'>hodic</span> 
     </span>
    </p>
   </div>
   <div class='ocr_carea' id='block_1_11' title="bbox 153 3032 1122 3270">
    <p class='ocr_par' dir='ltr' id='par_1_12' title="bbox 153 3032 1180 3250">
     <span class='ocr_line' id='line_1_27' title="bbox 153 3032 1043 3121; baseline -0.012 -16"><span class='ocrx_word' id='word_1_173' title='bbox 153 3087 156 3094; x_wconf 80' lang='grc'><em>.</em></span> <span class='ocrx_word' id='word_1_174' title='bbox 234 3043 372 3106; x_wconf 87' lang='lat' dir='ltr'>videmus</span> <span class='ocrx_word' id='word_1_175' title='bbox 394 3045 425 3102; x_wconf 88' lang='lat' dir='ltr'>et</span> <span class='ocrx_word' id='word_1_176' title='bbox 446 3038 632 3121; x_wconf 84' lang='lat' dir='ltr'>experimur,</span> <span class='ocrx_word' id='word_1_177' title='bbox 654 3037 743 3100; x_wconf 86' lang='lat' dir='ltr'>etinrn</span> <span class='ocrx_word' id='word_1_178' title='bbox 767 3032 847 3114; x_wconf 80' lang='lat' dir='ltr'>apud</span> <span class='ocrx_word' id='word_1_179' title='bbox 869 3052 927 3097; x_wconf 86' lang='lat' dir='ltr'>nos</span> <span class='ocrx_word' id='word_1_180' title='bbox 949 3036 1043 3114; x_wconf 87' lang='lat' dir='ltr'>ipsos.</span> 
     </span>
     <span class='ocr_line' id='line_1_28' title="bbox 196 3163 1122 3270; baseline -0.017 -33"><span class='ocrx_word' id='word_1_181' title='bbox 196 3225 199 3237; x_wconf 90' lang='lat'><em>.</em></span> <span class='ocrx_word' id='word_1_182' title='bbox 231 3168 322 3234; x_wconf 88' lang='lat' dir='ltr'>ideo</span> <span class='ocrx_word' id='word_1_183' title='bbox 352 3170 387 3232; x_wconf 90' lang='lat' dir='ltr'>si</span> <span class='ocrx_word' id='word_1_184' title='bbox 409 3167 581 3270; x_wconf 85' lang='lat' dir='ltr'>spiritus</span> <span class='ocrx_word' id='word_1_185' title='bbox 602 3166 845 3245; x_wconf 86' lang='lat' dir='ltr'>potentioris</span> <span class='ocrx_word' id='word_1_186' title='bbox 873 3172 1009 3228; x_wconf 80' lang='lat' dir='ltr'>contra</span> <span class='ocrx_word' id='word_1_187' title='bbox 1030 3163 1122 3224; x_wconf 80' lang='lat' dir='ltr'>animi</span> 
     </span>
    </p>
   </div>
   <div class='ocr_carea' id='block_1_12' title="bbox 232 3265 1123 3460">
    <p class='ocr_par' dir='ltr' id='par_1_13' title="bbox 232 3265 1123 3460">
     <span class='ocr_line' id='line_1_29' title="bbox 232 3265 1123 3368; baseline -0.009 -30"><span class='ocrx_word' id='word_1_188' title='bbox 232 3277 286 3340; x_wconf 90' lang='lat' dir='ltr'>tui</span> <span class='ocrx_word' id='word_1_189' title='bbox 321 3265 562 3338; x_wconf 85' lang='lat' dir='ltr'>sententiam</span> <span class='ocrx_word' id='word_1_190' title='bbox 590 3271 670 3336; x_wconf 88' lang='lat' dir='ltr'>voti</span> <span class='ocrx_word' id='word_1_191' title='bbox 705 3271 765 3336; x_wconf 89' lang='lat' dir='ltr'>sui</span> <span class='ocrx_word' id='word_1_192' title='bbox 797 3265 937 3358; x_wconf 79' lang='lat' dir='ltr'>iit²⁰⁸J</span> <span class='ocrx_word' id='word_1_193' title='bbox 974 3284 1123 3368; x_wconf 83' lang='lat' dir='ltr'>compos,</span> 
     </span>
     <span class='ocr_line' id='line_1_30' title="bbox 234 3374 1122 3460; baseline -0.016 -12"><span class='ocrx_word' id='word_1_194' title='bbox 234 3375 398 3460; x_wconf 66' lang='lat' dir='ltr'>nuum)</span> <span class='ocrx_word' id='word_1_195' title='bbox 421 3388 460 3444; x_wconf 91' lang='lat' dir='ltr'>te</span> <span class='ocrx_word' id='word_1_196' title='bbox 480 3376 718 3444; x_wconf 87' lang='lat' dir='ltr'>commoveri</span> <span class='ocrx_word' id='word_1_197' title='bbox 740 3379 866 3450; x_wconf 84' lang='lat' dir='ltr'>sinus,</span> <span class='ocrx_word' id='word_1_198' title='bbox 889 3375 1027 3440; x_wconf 86' lang='lat' dir='ltr'>cedere</span> <span class='ocrx_word' id='word_1_199' title='bbox 1046 3374 1122 3436; x_wconf 85' lang='lat' dir='ltr'>enin</span> 
     </span>
    </p>
   </div>
   <div class='ocr_carea' id='block_1_13' title="bbox 318 3484 1124 3711">
    <p class='ocr_par' dir='ltr' id='par_1_14' title="bbox 318 3484 1124 3711">
     <span class='ocr_line' id='line_1_31' title="bbox 448 3484 925 3560; baseline -0.011 -11"><span class='ocrx_word' id='word_1_200' title='bbox 448 3485 657 3560; x_wconf 71' lang='lat' dir='ltr'>cohibebit</span> <span class='ocrx_word' id='word_1_201' title='bbox 677 3485 796 3546; x_wconf 84' lang='lat' dir='ltr'>multu</span> <span class='ocrx_word' id='word_1_202' title='bbox 819 3484 925 3545; x_wconf 81' lang='lat' dir='ltr'>runis.</span> 
     </span>
     <span class='ocr_line' id='line_1_32' title="bbox 318 3586 1124 3711; baseline -0.007 -39"><span class='ocrx_word' id='word_1_203' title='bbox 318 3611 385 3700; x_wconf 86' lang='lat' dir='ltr'>Hoc</span> <span class='ocrx_word' id='word_1_204' title='bbox 405 3618 510 3674; x_wconf 89' lang='lat' dir='ltr'>nostro</span> <span class='ocrx_word' id='word_1_205' title='bbox 532 3586 702 3711; x_wconf 64' lang='lat' dir='ltr'>proverbioe</span> <span class='ocrx_word' id='word_1_206' title='bbox 715 3607 859 3669; x_wconf 84' lang='lat' dir='ltr'>dicimus.</span> <span class='ocrx_word' id='word_1_207' title='bbox 875 3603 964 3711; x_wconf 37' lang='lat' dir='ltr'>&#39;ibet</span> <span class='ocrx_word' id='word_1_208' title='bbox 985 3602 1059 3688; x_wconf 72' lang='lat' dir='ltr'>turbt</span> <span class='ocrx_word' id='word_1_209' title='bbox 1077 3615 1124 3667; x_wconf 84' lang='lat' dir='ltr'>ttt=</span> 
     </span>
    </p>
   </div>
   <div class='ocr_carea' id='block_1_14' title="bbox 235 3693 527 3735">
    <p class='ocr_par' dir='ltr' id='par_1_15' title="bbox 235 3693 527 3735">
     <span class='ocr_line' id='line_1_33' title="bbox 399 3693 404 3704; baseline 0 0"><span class='ocrx_word' id='word_1_210' title='bbox 399 3693 404 3704; x_wconf 84' lang='lat' dir='ltr'>r</span> 
     </span>
     <span class='ocr_line' id='line_1_34' title="bbox 235 3716 527 3735; baseline -0.021 0"><span class='ocrx_word' id='word_1_211' title='bbox 235 3719 439 3735; x_wconf 58' lang='grc' dir='ltr'><em>Ἣ</em></span> <span class='ocrx_word' id='word_1_212' title='bbox 525 3716 527 3730; x_wconf 91' lang='grc' dir='ltr'>Ι</span> 
     </span>
    </p>
   </div>
   <div class='ocr_carea' id='block_1_15' title="bbox 169 3757 764 3830">
    <p class='ocr_par' dir='ltr' id='par_1_16' title="bbox 169 3757 880 3830">
     <span class='ocr_line' id='line_1_35' title="bbox 169 3757 764 3830; baseline -0.006 -11"><span class='ocrx_word' id='word_1_213' title='bbox 169 3788 171 3798; x_wconf 69' lang='lat'><strong>¹</strong></span> <span class='ocrx_word' id='word_1_214' title='bbox 245 3766 333 3830; x_wconf 50' lang='lat' dir='ltr'>wc)</span> <span class='ocrx_word' id='word_1_215' title='bbox 351 3761 465 3820; x_wconf 66' lang='lat' dir='ltr'>Stultum·</span> <span class='ocrx_word' id='word_1_216' title='bbox 513 3757 673 3827; x_wconf 74' lang='lat' dir='ltr'>dissuitur.</span> <span class='ocrx_word' id='word_1_217' title='bbox 760 3773 764 3814; x_wconf 73' lang='lat'>‚⁵</span> 
     </span>
    </p>
   </div>
   <div class='ocr_carea' id='block_1_16' title="bbox 308 3845 1179 3929">
    <p class='ocr_par' dir='ltr' id='par_1_17' title="bbox 308 3845 1179 3929">
     <span class='ocr_line' id='line_1_36' title="bbox 308 3845 1179 3929; baseline -0.01 -15"><span class='ocrx_word' id='word_1_218' title='bbox 308 3857 474 3929; x_wconf 70' lang='lat' dir='ltr'>teutpert.</span> <span class='ocrx_word' id='word_1_219' title='bbox 528 3852 596 3923; x_wconf 79' lang='lat' dir='ltr'>tut)</span> <span class='ocrx_word' id='word_1_220' title='bbox 616 3851 681 3924; x_wconf 74' lang='lat' dir='ltr'>„fit‘</span> <span class='ocrx_word' id='word_1_221' title='bbox 700 3854 794 3922; x_wconf 63' lang='lat' dir='ltr'>dccrtf</span> <span class='ocrx_word' id='word_1_222' title='bbox 826 3851 973 3924; x_wconf 48' lang='lat' dir='ltr'>idibus</span> <span class='ocrx_word' id='word_1_223' title='bbox 992 3845 1094 3920; x_wconf 70' lang='lat'><strong>(1⁵³2)-</strong></span> <span class='ocrx_word' id='word_1_224' title='bbox 1178 3921 1179 3928; x_wconf 8' lang='grc' dir='ltr'>ἵ</span> 
     </span>
    </p>
   </div>
   <div class='ocr_carea' id='block_1_17' title="bbox 0 0 1208 4322">
    <p class='ocr_par' dir='ltr' id='par_1_18' title="bbox 0 0 1208 4322">
     <span class='ocr_line' id='line_1_37' title="bbox 0 0 1208 4322; baseline 0 0"><span class='ocrx_word' id='word_1_225' title='bbox 0 0 1208 4322; x_wconf 95' lang='lat' dir='ltr'> </span> 
     </span>
    </p>
   </div>
  </div>
 </body>
</html>
