2386 4316
88 241 92 265 ¹
153 195 260 322 l284
335 253 361 294 ‘
541 257 633 338 caput
652 260 772 337 pmmum

195 411 294 502 solent
320 438 426 502 tentati
447 431 477 502 'et
505 439 658 527 exauditi,
686 440 764 505 alios
792 457 915 522 quoquc
941 443 1058 506 docent
1086 451 1118 506 ct

197 545 369 619 instituunt,
390 551 424 606 ut
443 544 589 610 Psalmus
608 553 737 610 testatur
758 544 833 612 tto:
868 547 998 624 Credidi,
1020 566 1117 629 prop·

190 658 239 715 ter
260 653 345 732 quod
367 653 489 716 loculus
510 669 589 716 sum.

270 872 330 954 Do
358 895 539 978 processu
568 857 619 954 ct'
634 872 763 955 ordine
791 876 901 956 totius
930 874 1024 958 libri.

275 1080 369 1144 Porro
390 1079 443 1142 hic
463 1079 539 1143 ordo
560 1087 592 1144 et
612 1095 780 1158 processus
802 1080 895 1159 hujus
916 1081 1036 1148 Gaubci,
1055 1090 1115 1156 est,

192 1187 276 1268 quod
301 1188 428 1250 alternat
448 1187 685 1262 consolationes,
707 1189 923 1266 querimonias,
945 1180 1115 1262 orationes,

87 1365 91 1372 ¹
191 1295 262 1357 itam
277 1291 514 1356 exltortationcs.
557 1293 644 1355 Sicut
665 1293 745 1356 onim
767 1294 797 1354 in
811 1295 968 1372 republica
987 1296 1113 1373 legibus
1190 1285 1191 1366 l

189 1400 326 1463 instituta
347 1400 460 1478 agitur,
488 1399 549 1470 imo
572 1399 651 1463 sicut
671 1397 749 1462 hacc
772 1401 834 1462 vita
854 1407 960 1463 nostra
988 1398 1113 1474 vivitur,

163 1491 237 1570 ›sic'
265 1505 356 1570 eliam
378 1506 445 1584 ipse
473 1505 503 1566 in
531 1503 592 1568 hoc
620 1505 699 1572 libro
719 1505 797 1584 agit,
824 1513 856 1568 et
882 1506 982 1570 ideam
1010 1523 1113 1589 quau·
1190 1579 1191 1592 χ

190 1613 262 1676 dnm
274 1608 312 1691 ω)
336 1607 523 1692 reipublicae
544 1618 575 1674 et
593 1612 762 1676 communis
784 1613 866 1676 vitae
881 1613 1033 1692 proponit,
1056 1614 1111 1676 ubi

189 1718 391 1788 afflictionem,
411 1717 595 1789 consolatio,
624 1719 866 1782 consolationem
895 1719 953 1782 alia
983 1718 1112 1784 afflicbo
1190 1767 1191 1804 ,

191 1842 245 1906 por
267 1825 366 1898 vices,
394 1823 473 1888 sicut
493 1839 556 1886 uox
576 1823 673 1898 diem,
701 1825 846 1904 sequitur.
889 1827 939 1888 Sic
959 1826 992 1888 in
1012 1827 1109 1890 rebus
1190 1861 1191 1886 r

189 1931 322 2012 publicis
343 1945 466 2007 semper
486 1933 586 1992 notae
605 1931 765 2008 procellae,
786 1931 860 1994 novi
871 1938 974 1995 motus
996 1939 1027 1996 et
1047 1940 1108 1996 icr-

189 2053 276 2100 nores
297 2035 446 2108 incidunt,
475 2035 588 2114 quibus
609 2034 761 2100 discussis
788 2054 849 2100 non
876 2039 969 2124 *datur
992 2039 1107 2104 diutius

190 2144 290 2224 quies,
303 2141 366 2204 scd
384 2142 461 2204 aliae
475 2142 581 2204 statim
596 2142 703 2206 turbae
722 2151 753 2206 et
765 2144 954 2207 calamitates
970 2161 1107 2225 sequun-

188 2259 243 2314 tur.
286 2249 343 2328 Qui
356 2255 516 2312 versantur
536 2249 567 2310 iu
580 2238 809 2328 ‘rabuspublicls
831 2257 927 2314 testes
946 2250 1040 2329 hujus
1061 2254 1105 2316 roi

189 2363 285 2422 erunt.
334 2355 387 2418 Sic
412 2355 562 2428 Davidem
578 2351 637 2434 θ’)
666 2355 815 2434 principio
843 2357 1018 2448 excipiebat
1051 2359 1105 2422 de-

98 2501 100 2503 ·
189 2464 280 2528 tactio
301 2461 422 2542 populi,
444 2461 496 2525 vix
516 2461 722 2541 compositum
742 2463 815 2532 illud
836 2464 950 2526 maim
972 2469 1053 2538 aot,
1076 2473 1105 2526 et

95 2591 98 2603 ·
189 2585 263 2634 ecce
282 2569 364 2632 aliud
383 2573 467 2634 unm
487 2568 622 2646 pravius,
643 2575 758 2647 quanto
779 2568 880 2633 minus
899 2569 1105 2650 exspectaba-

188 2683 250 2750 tur,
285 2675 396 2740 iucitlit.
433 2667 669 2738 ‘Dilectissimus
696 2673 785 2741 -filios
811 2674 962 2746 A-bsalom
994 2675 1104 2738 infesto

10 2781 17 2794 '
138 2789 146 2797 '
188 2798 275 2846 artua
295 2788 400 2847 contra
420 2788 540 2860 patrem
561 2789 750 2854 movetnac
771 2782 923 2847 satisfuit
944 2783 1103 2862 pepulisse

181 2895 305 2969 „patrem
326 2903 436 2965 reguo,
457 2888 560 2966 regias
581 2887 769 2956 concubinas
790 2895 821 2952 et
840 2905 962 2952 uxores
977 2905 1101 2968 quoque

188 2994 284 3074 patris
312 2999 496 3072 constuprat.
539 2992 590 3056 Sic
610 2993 786 3072 republica
797 2990 878 3074 lii)
898 3002 951 3057 cst
972 2975 1031 3060 ceu
1050 3012 1102 3075 po

70 3125 74 3136 ·
188 3086 321 3166 oculosa
342 3101 372 3164 iu
394 3099 567 3177 procelloso
586 3100 663 3162 mari
682 3099 846 3178 molestie.

270 3205 370 3283 Quom
398 3197 543 3270 Salomon
572 3205 702 3268 subinde
731 3207 957 3276 consolationes
989 3216 1022 3272 et
1046 3223 1099 3272 ex·

187 3312 498 3390 hortationesnepetit
519 3310 559 3374 ad
580 3311 761 3376 animandos
774 3314 952 3392 praesidum
975 3313 1098 3388 animos,
1190 3393 1191 3402 ἵ

186 3435 226 3482 nc
247 3417 338 3481 tantis
352 3417 580 3485 difficultatibus
594 3419 687 3484 tracti
704 3420 841 3484 resiliant
860 3427 914 3484 aut
929 3420 1099 3500 desperent,
1190 3417 1191 3450 ³

105 3513 107 3520 ’
164 3525 244 3606 ,sed
264 3524 385 3588 discam
405 3526 446 3588 ad
465 3525 547 3590 hunc
561 3526 686 3590 modum
707 3526 844 3590 oratione
866 3541 902 3590 se
922 3507 1098 3605 erigerem
1190 3591 1191 3612 ἢ

195 3803 199 3812 .
259 3751 290 3823 *)
315 3753 384 3810 Idea
410 3753 577 3832 reipublicae
609 3711 641 3810 et
672 3753 817 3820 maronis
847 3754 918 3812 iiiuc
954 3756 1097 3826 prepucia

189 3847 238 3918 ξ’)
257 3847 364 3905 itandis
383 3847 550 3928 exemplam..
597 3849 667 3918 Ψ),
680 3848 847 3928 Respublica
893 3875 897 3902 r
964 3886 969 3916 ,
981 3884 985 3893 -
