2386 4316
24 197 26 209 Ι
190 199 258 298 m
381 177 794 305 '' Qſtrww

126 389 132 400 ’
195 413 309 476 Ioanne
348 387 493 488 seriptum
534 416 598 472 est:
645 393 808 472 conterat
839 419 894 468 eor
928 412 1054 482 patrum
1069 396 1074 408 “
1092 405 1118 464 iu

196 515 283 580 tilios.
316 505 530 612 'ludaeienirn
552 513 711 580 erodentes
732 513 769 580 ia,
784 510 941 574 christum
965 528 1029 570 non
1052 517 1119 571 sunt

196 623 317 686 doduni
340 622 377 684 ad
400 633 457 685 nos
479 627 601 698 genno,
635 619 691 682 sed
723 617 762 680 ad
792 625 897 696 patres
929 631 1028 686 suom
1060 614 1118 677 hoe

196 842 303 912 gentes
324 849 433 898 sumus
456 831 552 904 asciti,
573 839 607 896 ut
623 829 687 908 iera
709 827 805 892 simus
827 845 909 890 unus
933 824 1080 906 popurus.

487 997 541 1060 tbi
564 1013 621 1058 me
642 994 821 1058 docebis.

164 1191 170 1200 -
279 1153 355 1214 Tum
377 1152 549 1215 instituetur
570 1149 767 1213 ministerium
789 1149 920 1212 docendi
938 1151 1117 1227 perfeetum,

79 799 87 812 ,
196 735 258 802 est,
290 727 330 790 ad
349 727 441 792 iidem
459 734 603 806 patrum.
646 727 678 787 in
705 739 775 792 eam
795 721 942 785 familiam
966 729 1041 798 post
1061 738 1117 784 nos
1173 736 1174 788 t

105 1299 108 1312 ·
197 1278 269 1340 cunr
289 1257 489 1337 perspiritum
504 1265 642 1344 sanctam
664 1257 706 1318 ita
726 1254 887 1318 manifeste
909 1248 1116 1332 adjuvabitur.
1175 1300 1176 1348 p

197 1425 240 1486 Et
262 1423 363 1486 dabo
391 1423 468 1486 tibi
490 1423 624 1484 vinum
646 1421 861 1493 eonditum,
889 1428 927 1482 et
950 1429 1116 1482 mustum

328 1531 516 1598 matorum
539 1535 789 1604 granatorum
811 1543 991 1590 meorum.

280 1643 356 1746 Turn
378 1645 434 1746 erit
455 1683 592 1746 nocuum
618 1683 740 1746 uberior
768 1690 798 1746 et
820 1680 990 1756 efficacior,
1024 1699 1115 1760 quam

133 1823 139 1835 ·
198 1805 333 1868 unquam
356 1789 416 1854 snb
437 1791 507 1868 iege
527 1790 590 1852 init
618 1789 707 1852 Dabo
727 1789 831 1852 viuum
854 1788 938 1866 quod
960 1787 1069 1860 bibes,
1088 1788 1116 1848 id
1177 1863 1178 1882 χ

199 1900 261 1968 ost,
293 1895 497 1973 approbabis,
526 1903 556 1958 et
578 1901 712 1956 mustum
733 1895 882 1958 malorum
910 1901 1114 1971 granatorum
1177 1927 1178 1930 =

199 2001 265 2062 Hae
283 2003 360 2062 torte
382 2001 475 2074 addit,
496 1999 691 2101 utsigniiioet
711 2016 824 2063 novum
838 2000 997 2064 doetrinae
1018 2017 1115 2078 genus

198 2123 237 2170 ex
260 2106 352 2170 variis
375 2105 593 2185 prophatarum
615 2106 830 2170 testimoniis..

175 2233 329 2366 'Laeva
347 2270 433 2349 ejus
454 2272 527 2334 sub
544 2272 678 2349 eapite
699 2285 789 2344 meo,
811 2277 848 2334 et
864 2272 1005 2334 dextra
1026 2271 1114 2349 ejus

458 2375 760 2458 amplexabitur
781 2389 844 2440 me.

159 2521 161 2526 ’
280 2529 437 2594 Hactenus
467 2527 624 2594 Canticum
652 2525 826 2594 Salomonis
859 2531 1051 2607 audivimus,
1086 2534 1113 2596 in

74 2716 77 2726 Ἰ
199 2654 262 2718 quo
294 2635 403 2700 cecinit
423 2638 462 2700 de
482 2627 642 2701 beneflciis
660 2638 874 2716 praesentibus
891 2647 928 2700 et
948 2637 1114 2716 praeteritis,

199 2761 237 2806 ao
259 2741 398 2824 petiit'iu
415 2743 546 2806 intutum
569 2743 731 2822 propagari
752 2759 879 2821 regnum
901 2735 932 2806 e't
946 2745 1113 2808 doetriaam

199 2866 255 2928 per
275 2848 381 2912 orbem
396 2845 558 2929 terraram?
595 2850 679 2926 Quae
699 2849 730 2910 in
750 2847 812 2912 hoe
826 2849 926 2928 eapite
947 2859 1027 2924 sunt,
1053 2851 1113 2913 dixi

199 2955 272 3019 ess'e
292 2962 438 3036 tanquam
452 2955 615 3039 epilogum,
636 2971 699 3034 quo
719 2955 817 3028 refert,
839 2971 919 3036 quae
941 2973 998 3033 per
1018 2964 1111 3022 totum

38 3027 45 3043 ⁵
98 3069 102 3076 '
199 3061 332 3124 libellum
352 3060 501 3124 tractavit

165 3151 172 3218 Ϊ
281 3165 378 3230 Utitur
393 3173 494 3233 autem
507 3164 558 3230 hio
568 3183 692 3247 quoquo
704 3168 851 3232 amatoria
861 3167 968 3248 figura,
990 3179 1111 3248 sumpta

200 3290 218 3334 a
241 3271 368 3356 maritali
390 3272 551 3350 complexu
563 3267 621 3351 ⁴⁶),
653 3279 818 3370 perquem
849 3275 1018 3352 signifieat,
1052 3277 1111 3339 hoe

199 3371 324 3456 regnum
346 3393 418 3439 esse
439 3377 468 3438 in
491 3379 584 3443 tutela
605 3379 660 3441 Dei
691 3397 728 3442 ao
748 3380 892 3444 divinitus
914 3382 979 3460 regi
1003 3390 1034 3444 et
1053 3385 1110 3445 ior·

103 3540 116 3556 ,
185 3483 286 3547 'mari
328 3483 394 3544 Hoo
415 3498 483 3544 oum
505 3482 547 3544 ita
568 3485 621 3558 sit,
654 3492 686 3547 ut
706 3485 891 3564 prensantur
913 3487 1108 3551 dubitandum

30 3605 38 3618 ·
89 3663 93 3670 p
151 3584 156 3595 '
200 3589 240 3652 sit
261 3587 300 3650 de
321 3588 426 3649 iavoro
446 3587 501 3651 Dei
522 3600 596 3668 erga
616 3607 691 3666 nos,
713 3590 782 3658 ideo
803 3592 888 3667 dicit,
989 3610 992 3618 ·
1050 3615 1056 3622 ’

198 3727 403 3743 *—

272 3795 304 3878 f)
324 3795 474 3868 amplexus.
