<?xml version="1.0" encoding="UTF-8"?>
<!DOCTYPE html PUBLIC "-//W3C//DTD XHTML 1.0 Transitional//EN"
    "http://www.w3.org/TR/xhtml1/DTD/xhtml1-transitional.dtd">
<html xmlns="http://www.w3.org/1999/xhtml" xml:lang="en" lang="en">
 <head>
  <title>
</title>
<meta http-equiv="Content-Type" content="text/html;charset=utf-8" />
  <meta name='ocr-system' content='tesseract 3.04.00' />
  <meta name='ocr-capabilities' content='ocr_page ocr_carea ocr_par ocr_line ocrx_word'/>
</head>
<body>
  <div class='ocr_page' id='page_1' title='image "./exegeticaoperal07luthgoog_0034.png"; bbox 0 0 2308 4316; ppageno 0'>
   <div class='ocr_carea' id='block_1_1' title="bbox 295 284 944 357">
    <p class='ocr_par' dir='ltr' id='par_1_1' title="bbox 295 284 944 357">
     <span class='ocr_line' id='line_1_1' title="bbox 295 284 944 357; baseline 0.005 -3"><span class='ocrx_word' id='word_1_1' title='bbox 295 289 481 355; x_wconf 78' lang='lat' dir='ltr'>Ecdesitstee</span> <span class='ocrx_word' id='word_1_2' title='bbox 503 291 681 356; x_wconf 82' lang='lat' dir='ltr'>Salomonis·</span> <span class='ocrx_word' id='word_1_3' title='bbox 902 284 944 357; x_wconf 74' lang='lat'>21</span> 
     </span>
    </p>
   </div>
   <div class='ocr_carea' id='block_1_2' title="bbox 44 470 1015 2992">
    <p class='ocr_par' dir='ltr' id='par_1_2' title="bbox 44 470 1015 2992">
     <span class='ocr_line' id='line_1_2' title="bbox 46 470 946 556; baseline 0.003 -19"><span class='ocrx_word' id='word_1_4' title='bbox 46 481 71 537; x_wconf 86' lang='lat' dir='ltr'>et</span> <span class='ocrx_word' id='word_1_5' title='bbox 89 472 202 536; x_wconf 80' lang='lat' dir='ltr'>exudat</span> <span class='ocrx_word' id='word_1_6' title='bbox 250 470 319 538; x_wconf 83' lang='lat' dir='ltr'>ttnn</span> <span class='ocrx_word' id='word_1_7' title='bbox 346 473 380 553; x_wconf 76' lang='lat' dir='ltr'>it</span> <span class='ocrx_word' id='word_1_8' title='bbox 401 474 445 540; x_wconf 78' lang='lat' dir='ltr'>bie</span> <span class='ocrx_word' id='word_1_9' title='bbox 467 471 547 542; x_wconf 58' lang='lat' dir='ltr'>&amp;tle</span> <span class='ocrx_word' id='word_1_10' title='bbox 567 475 615 540; x_wconf 80' lang='lat' dir='ltr'>citt</span> <span class='ocrx_word' id='word_1_11' title='bbox 634 473 739 553; x_wconf 58' lang='lat' dir='ltr'>tumlti</span> <span class='ocrx_word' id='word_1_12' title='bbox 759 471 946 556; x_wconf 66' lang='lat' dir='ltr'>ssuuutttfutl,</span> 
     </span>
     <span class='ocr_line' id='line_1_3' title="bbox 47 577 994 678; baseline -0.004 -32"><span class='ocrx_word' id='word_1_13' title='bbox 47 581 154 659; x_wconf 74' lang='lat' dir='ltr'>iniunt)</span> <span class='ocrx_word' id='word_1_14' title='bbox 174 579 231 644; x_wconf 78' lang='lat' dir='ltr'>lad</span> <span class='ocrx_word' id='word_1_15' title='bbox 252 577 529 662; x_wconf 64' lang='lat' dir='ltr'>uincentium</span> <span class='ocrx_word' id='word_1_16' title='bbox 549 581 632 646; x_wconf 81' lang='lat' dir='ltr'>ulcu.</span> <span class='ocrx_word' id='word_1_17' title='bbox 675 582 736 644; x_wconf 82' lang='lat' dir='ltr'>tta.</span> <span class='ocrx_word' id='word_1_18' title='bbox 750 583 837 644; x_wconf 83' lang='lat' dir='ltr'>vides</span> <span class='ocrx_word' id='word_1_19' title='bbox 858 582 946 643; x_wconf 86' lang='lat' dir='ltr'>Satn·</span> <span class='ocrx_word' id='word_1_20' title='bbox 981 648 994 678; x_wconf 23' lang='grc' dir='ltr'><strong>ἢ</strong></span> 
     </span>
     <span class='ocr_line' id='line_1_4' title="bbox 49 682 947 767; baseline 0 -18"><span class='ocrx_word' id='word_1_21' title='bbox 49 682 221 767; x_wconf 81' lang='lat' dir='ltr'>monem¹³)</span> <span class='ocrx_word' id='word_1_22' title='bbox 246 686 355 764; x_wconf 83' lang='lat' dir='ltr'>paucis</span> <span class='ocrx_word' id='word_1_23' title='bbox 375 688 478 749; x_wconf 85' lang='lat' dir='ltr'>uerbis</span> <span class='ocrx_word' id='word_1_24' title='bbox 493 686 768 766; x_wconf 79' lang='lat' dir='ltr'>comprehendisse</span> <span class='ocrx_word' id='word_1_25' title='bbox 780 688 947 750; x_wconf 78' lang='lat' dir='ltr'>mirabilem</span> 
     </span>
     <span class='ocr_line' id='line_1_5' title="bbox 47 793 948 874; baseline 0 -18"><span class='ocrx_word' id='word_1_26' title='bbox 47 793 268 872; x_wconf 73' lang='lat' dir='ltr'>dispositionem</span> <span class='ocrx_word' id='word_1_27' title='bbox 288 799 319 856; x_wconf 88' lang='lat' dir='ltr'>et</span> <span class='ocrx_word' id='word_1_28' title='bbox 340 802 454 856; x_wconf 91' lang='lat' dir='ltr'>motum</span> <span class='ocrx_word' id='word_1_29' title='bbox 476 801 610 872; x_wconf 84' lang='lat' dir='ltr'>quatuor</span> <span class='ocrx_word' id='word_1_30' title='bbox 632 795 852 859; x_wconf 78' lang='lat' dir='ltr'>electentorum</span> <span class='ocrx_word' id='word_1_31' title='bbox 870 794 948 874; x_wconf 81' lang='lat' dir='ltr'>inter</span> 
     </span>
     <span class='ocr_line' id='line_1_6' title="bbox 46 894 1015 978; baseline -0.005 -13"><span class='ocrx_word' id='word_1_32' title='bbox 46 917 82 973; x_wconf 88' lang='lat' dir='ltr'>se,</span> <span class='ocrx_word' id='word_1_33' title='bbox 101 915 167 962; x_wconf 91' lang='lat' dir='ltr'>cum</span> <span class='ocrx_word' id='word_1_34' title='bbox 188 894 455 970; x_wconf 85' lang='lat' dir='ltr'>nominutterratn,</span> <span class='ocrx_word' id='word_1_35' title='bbox 477 901 583 970; x_wconf 86' lang='lat' dir='ltr'>solem,</span> <span class='ocrx_word' id='word_1_36' title='bbox 605 909 738 973; x_wconf 89' lang='lat' dir='ltr'>ventum,</span> <span class='ocrx_word' id='word_1_37' title='bbox 765 895 948 978; x_wconf 76' lang='lat' dir='ltr'>llnminnk).</span> <span class='ocrx_word' id='word_1_38' title='bbox 1012 965 1015 972; x_wconf 62' lang='grc'>,</span> 
     </span>
     <span class='ocr_line' id='line_1_7' title="bbox 58 1003 947 1099; baseline 0.001 -33"><span class='ocrx_word' id='word_1_39' title='bbox 58 1025 63 1046; x_wconf 73' lang='grc'><strong>«</strong></span> <span class='ocrx_word' id='word_1_40' title='bbox 115 1003 211 1066; x_wconf 84' lang='lat' dir='ltr'>credo</span> <span class='ocrx_word' id='word_1_41' title='bbox 232 1012 335 1099; x_wconf 83' lang='lat' dir='ltr'>autem</span> <span class='ocrx_word' id='word_1_42' title='bbox 357 1005 552 1068; x_wconf 80' lang='lat' dir='ltr'>Salomonem</span> <span class='ocrx_word' id='word_1_43' title='bbox 573 1005 634 1069; x_wconf 90' lang='lat' dir='ltr'>hoc</span> <span class='ocrx_word' id='word_1_44' title='bbox 656 1009 745 1079; x_wconf 87' lang='lat' dir='ltr'>velle,</span> <span class='ocrx_word' id='word_1_45' title='bbox 779 1013 813 1068; x_wconf 89' lang='lat' dir='ltr'>ut</span> <span class='ocrx_word' id='word_1_46' title='bbox 832 1005 947 1082; x_wconf 74' lang='lat' dir='ltr'>allego·</span> 
     </span>
     <span class='ocr_line' id='line_1_8' title="bbox 44 1107 967 1175; baseline -0.003 -1"><span class='ocrx_word' id='word_1_47' title='bbox 44 1113 81 1175; x_wconf 81' lang='lat' dir='ltr'>tit</span> <span class='ocrx_word' id='word_1_48' title='bbox 100 1107 343 1174; x_wconf 76' lang='lat' dir='ltr'>vicissitudinum</span> <span class='ocrx_word' id='word_1_49' title='bbox 363 1111 490 1174; x_wconf 89' lang='lat' dir='ltr'>istarum</span> <span class='ocrx_word' id='word_1_50' title='bbox 513 1112 542 1173; x_wconf 89' lang='lat' dir='ltr'>in</span> <span class='ocrx_word' id='word_1_51' title='bbox 571 1121 680 1175; x_wconf 80' lang='lat' dir='ltr'>nature</span> <span class='ocrx_word' id='word_1_52' title='bbox 706 1110 807 1174; x_wconf 82' lang='lat' dir='ltr'>trahat</span> <span class='ocrx_word' id='word_1_53' title='bbox 825 1127 885 1173; x_wconf 88' lang='lat' dir='ltr'>nos</span> <span class='ocrx_word' id='word_1_54' title='bbox 907 1109 967 1171; x_wconf 89' lang='lat' dir='ltr'>ad·</span> 
     </span>
     <span class='ocr_line' id='line_1_9' title="bbox 44 1215 946 1296; baseline -0.002 -16"><span class='ocrx_word' id='word_1_55' title='bbox 44 1235 112 1291; x_wconf 83' lang='lat' dir='ltr'>tem,</span> <span class='ocrx_word' id='word_1_56' title='bbox 140 1233 235 1296; x_wconf 89' lang='lat' dir='ltr'>quam</span> <span class='ocrx_word' id='word_1_57' title='bbox 263 1217 340 1293; x_wconf 78' lang='lat' dir='ltr'>agit,</span> <span class='ocrx_word' id='word_1_58' title='bbox 372 1225 403 1279; x_wconf 88' lang='lat' dir='ltr'>ct</span> <span class='ocrx_word' id='word_1_59' title='bbox 435 1218 515 1279; x_wconf 87' lang='lat' dir='ltr'>illem</span> <span class='ocrx_word' id='word_1_60' title='bbox 541 1225 687 1296; x_wconf 81' lang='lat' dir='ltr'>tunquam</span> <span class='ocrx_word' id='word_1_61' title='bbox 718 1215 946 1280; x_wconf 87' lang='lat' dir='ltr'>similitudinem</span> 
     </span>
     <span class='ocr_line' id='line_1_10' title="bbox 45 1319 954 1402; baseline -0.002 -16"><span class='ocrx_word' id='word_1_62' title='bbox 45 1323 242 1387; x_wconf 87' lang='lat' dir='ltr'>accommodet</span> <span class='ocrx_word' id='word_1_63' title='bbox 264 1323 302 1384; x_wconf 89' lang='lat' dir='ltr'>ad</span> <span class='ocrx_word' id='word_1_64' title='bbox 326 1319 430 1400; x_wconf 74' lang='lat' dir='ltr'>nusi),</span> <span class='ocrx_word' id='word_1_65' title='bbox 452 1325 542 1402; x_wconf 83' lang='lat' dir='ltr'>quasi</span> <span class='ocrx_word' id='word_1_66' title='bbox 560 1324 656 1386; x_wconf 84' lang='lat' dir='ltr'>dicul:</span> <span class='ocrx_word' id='word_1_67' title='bbox 678 1325 758 1386; x_wconf 88' lang='lat' dir='ltr'>sicut</span> <span class='ocrx_word' id='word_1_68' title='bbox 779 1323 829 1384; x_wconf 89' lang='lat' dir='ltr'>illa</span> <span class='ocrx_word' id='word_1_69' title='bbox 843 1320 954 1386; x_wconf 82' lang='lat' dir='ltr'>omniu·</span> 
     </span>
     <span class='ocr_line' id='line_1_11' title="bbox 46 1427 947 1504; baseline -0.002 -12"><span class='ocrx_word' id='word_1_70' title='bbox 46 1435 152 1492; x_wconf 88' lang='lat' dir='ltr'>manent</span> <span class='ocrx_word' id='word_1_71' title='bbox 170 1427 498 1504; x_wconf 67' lang='lat' dir='ltr'>in&#39;suisvicibus&#39;etc„</span> <span class='ocrx_word' id='word_1_72' title='bbox 520 1432 562 1493; x_wconf 88' lang='lat' dir='ltr'>ita</span> <span class='ocrx_word' id='word_1_73' title='bbox 583 1437 614 1494; x_wconf 91' lang='lat' dir='ltr'>et</span> <span class='ocrx_word' id='word_1_74' title='bbox 636 1431 736 1492; x_wconf 84' lang='lat' dir='ltr'>omniu</span> <span class='ocrx_word' id='word_1_75' title='bbox 749 1436 862 1493; x_wconf 80' lang='lat' dir='ltr'>nostra.</span> <span class='ocrx_word' id='word_1_76' title='bbox 893 1427 947 1491; x_wconf 86' lang='lat' dir='ltr'>Sol</span> 
     </span>
     <span class='ocr_line' id='line_1_12' title="bbox 46 1524 948 1616; baseline -0.002 -18"><span class='ocrx_word' id='word_1_77' title='bbox 46 1539 69 1598; x_wconf 93' lang='lat' dir='ltr'>in</span> <span class='ocrx_word' id='word_1_78' title='bbox 87 1535 228 1599; x_wconf 88' lang='lat' dir='ltr'>continuo</span> <span class='ocrx_word' id='word_1_79' title='bbox 251 1551 309 1597; x_wconf 89' lang='lat' dir='ltr'>sno</span> <span class='ocrx_word' id='word_1_80' title='bbox 331 1549 424 1598; x_wconf 87' lang='lat' dir='ltr'>cursu</span> <span class='ocrx_word' id='word_1_81' title='bbox 444 1553 600 1616; x_wconf 88' lang='lat' dir='ltr'>nunquam</span> <span class='ocrx_word' id='word_1_82' title='bbox 612 1524 772 1612; x_wconf 79' lang='lat' dir='ltr'>deligatur,</span> <span class='ocrx_word' id='word_1_83' title='bbox 794 1541 825 1597; x_wconf 90' lang='lat' dir='ltr'>el</span> <span class='ocrx_word' id='word_1_84' title='bbox 845 1549 948 1612; x_wconf 80' lang='lat' dir='ltr'>equae</span> 
     </span>
     <span class='ocr_line' id='line_1_13' title="bbox 45 1639 952 1724; baseline -0.004 -20"><span class='ocrx_word' id='word_1_85' title='bbox 45 1645 138 1724; x_wconf 84' lang='lat' dir='ltr'>intrant</span> <span class='ocrx_word' id='word_1_86' title='bbox 159 1655 261 1713; x_wconf 90' lang='lat' dir='ltr'>marc,</span> <span class='ocrx_word' id='word_1_87' title='bbox 287 1650 345 1702; x_wconf 83' lang='lat' dir='ltr'>nec</span> <span class='ocrx_word' id='word_1_88' title='bbox 366 1647 466 1706; x_wconf 87' lang='lat' dir='ltr'>tamen</span> <span class='ocrx_word' id='word_1_89' title='bbox 489 1643 708 1705; x_wconf 81' lang='lat' dir='ltr'>exhauriuntur</span> <span class='ocrx_word' id='word_1_90' title='bbox 727 1647 784 1702; x_wconf 77' lang='lat' dir='ltr'>etc</span> <span class='ocrx_word' id='word_1_91' title='bbox 827 1639 885 1702; x_wconf 82' lang='lat' dir='ltr'>Sic</span> <span class='ocrx_word' id='word_1_92' title='bbox 899 1645 952 1700; x_wconf 87' lang='lat' dir='ltr'>est·</span> 
     </span>
     <span class='ocr_line' id='line_1_14' title="bbox 45 1745 950 1826; baseline -0.004 -16"><span class='ocrx_word' id='word_1_93' title='bbox 45 1765 101 1810; x_wconf 86' lang='lat' dir='ltr'>cutn</span> <span class='ocrx_word' id='word_1_94' title='bbox 126 1745 315 1810; x_wconf 83' lang='lat' dir='ltr'>hominibus.</span> <span class='ocrx_word' id='word_1_95' title='bbox 365 1748 432 1812; x_wconf 87' lang='lat' dir='ltr'>Non</span> <span class='ocrx_word' id='word_1_96' title='bbox 467 1757 593 1812; x_wconf 85' lang='lat' dir='ltr'>cessant</span> <span class='ocrx_word' id='word_1_97' title='bbox 623 1746 734 1808; x_wconf 82' lang='lat' dir='ltr'>imitari</span> <span class='ocrx_word' id='word_1_98' title='bbox 761 1746 950 1826; x_wconf 80' lang='lat' dir='ltr'>supedores,</span> 
     </span>
     <span class='ocr_line' id='line_1_15' title="bbox 45 1850 947 1933; baseline -0.004 -18"><span class='ocrx_word' id='word_1_99' title='bbox 45 1856 87 1933; x_wconf 90' lang='lat' dir='ltr'>qui</span> <span class='ocrx_word' id='word_1_100' title='bbox 106 1853 288 1916; x_wconf 83' lang='lat' dir='ltr'>studuerunt</span> <span class='ocrx_word' id='word_1_101' title='bbox 308 1855 452 1931; x_wconf 82' lang='lat' dir='ltr'>vanitati;</span> <span class='ocrx_word' id='word_1_102' title='bbox 489 1855 569 1916; x_wconf 90' lang='lat' dir='ltr'>sicut</span> <span class='ocrx_word' id='word_1_103' title='bbox 604 1854 644 1914; x_wconf 91' lang='lat' dir='ltr'>illi</span> <span class='ocrx_word' id='word_1_104' title='bbox 672 1851 745 1914; x_wconf 83' lang='lat' dir='ltr'>nihil</span> <span class='ocrx_word' id='word_1_105' title='bbox 772 1850 947 1922; x_wconf 79' lang='lat' dir='ltr'>effecerunt,</span> 
     </span>
     <span class='ocr_line' id='line_1_16' title="bbox 46 1957 948 2034; baseline -0.002 -12"><span class='ocrx_word' id='word_1_106' title='bbox 46 1962 82 2022; x_wconf 88' lang='lat' dir='ltr'>sic</span> <span class='ocrx_word' id='word_1_107' title='bbox 100 1967 129 2022; x_wconf 91' lang='lat' dir='ltr'>el</span> <span class='ocrx_word' id='word_1_108' title='bbox 148 1963 208 2023; x_wconf 80' lang='lat' dir='ltr'>nos</span> <span class='ocrx_word' id='word_1_109' title='bbox 230 1959 305 2022; x_wconf 88' lang='lat' dir='ltr'>nihil</span> <span class='ocrx_word' id='word_1_110' title='bbox 334 1961 494 2024; x_wconf 83' lang='lat' dir='ltr'>efficimus.</span> <span class='ocrx_word' id='word_1_111' title='bbox 527 1960 634 2022; x_wconf 77' lang='lat' dir='ltr'>zNetnn</span> <span class='ocrx_word' id='word_1_112' title='bbox 656 1957 948 2034; x_wconf 80' lang='lat' dir='ltr'>altorumexempto</span> 
     </span>
     <span class='ocr_line' id='line_1_17' title="bbox 47 2061 945 2146; baseline -0.001 -19"><span class='ocrx_word' id='word_1_113' title='bbox 47 2065 219 2137; x_wconf 86' lang='lat' dir='ltr'>emendatur,</span> <span class='ocrx_word' id='word_1_114' title='bbox 241 2067 434 2130; x_wconf 87' lang='lat' dir='ltr'>autaliorum</span> <span class='ocrx_word' id='word_1_115' title='bbox 447 2065 582 2146; x_wconf 83' lang='lat' dir='ltr'>periculo</span> <span class='ocrx_word' id='word_1_116' title='bbox 602 2063 771 2138; x_wconf 83' lang='lat' dir='ltr'>litcautior.</span> <span class='ocrx_word' id='word_1_117' title='bbox 792 2061 891 2126; x_wconf 85' lang='lat' dir='ltr'>tulius</span> <span class='ocrx_word' id='word_1_118' title='bbox 901 2063 945 2141; x_wconf 82' lang='lat'>11¹)</span> 
     </span>
     <span class='ocr_line' id='line_1_18' title="bbox 45 2169 1000 2250; baseline 0.003 -16"><span class='ocrx_word' id='word_1_119' title='bbox 45 2170 208 2234; x_wconf 81' lang='lat' dir='ltr'>vanissimis</span> <span class='ocrx_word' id='word_1_120' title='bbox 235 2171 347 2235; x_wconf 89' lang='lat' dir='ltr'>studiis</span> <span class='ocrx_word' id='word_1_121' title='bbox 368 2174 424 2236; x_wconf 91' lang='lat' dir='ltr'>luit</span> <span class='ocrx_word' id='word_1_122' title='bbox 445 2177 630 2250; x_wconf 86' lang='lat' dir='ltr'>occupatus,</span> <span class='ocrx_word' id='word_1_123' title='bbox 651 2169 800 2250; x_wconf 79' lang='lat' dir='ltr'>ciceron)</span> <span class='ocrx_word' id='word_1_124' title='bbox 834 2169 954 2232; x_wconf 88' lang='lat' dir='ltr'>studuit</span> <span class='ocrx_word' id='word_1_125' title='bbox 997 2170 1000 2237; x_wconf 81' lang='grc' dir='ltr'>ζ</span> 
     </span>
     <span class='ocr_line' id='line_1_19' title="bbox 44 2274 953 2356; baseline 0 -16"><span class='ocrx_word' id='word_1_126' title='bbox 44 2277 237 2356; x_wconf 79' lang='lat' dir='ltr'>eloquentiae,</span> <span class='ocrx_word' id='word_1_127' title='bbox 265 2278 322 2340; x_wconf 87' lang='lat' dir='ltr'>sed</span> <span class='ocrx_word' id='word_1_128' title='bbox 359 2278 429 2356; x_wconf 90' lang='lat' dir='ltr'>quis</span> <span class='ocrx_word' id='word_1_129' title='bbox 463 2277 531 2355; x_wconf 75' lang='lat' dir='ltr'>eius</span> <span class='ocrx_word' id='word_1_130' title='bbox 553 2277 646 2339; x_wconf 89' lang='lat' dir='ltr'>studii</span> <span class='ocrx_word' id='word_1_131' title='bbox 677 2274 767 2338; x_wconf 87' lang='lat' dir='ltr'>linisi</span> <span class='ocrx_word' id='word_1_132' title='bbox 808 2274 953 2340; x_wconf 71' lang='lat' dir='ltr'>Veniant·</span> 
     </span>
     <span class='ocr_line' id='line_1_20' title="bbox 45 2381 950 2463; baseline 0 -19"><span class='ocrx_word' id='word_1_133' title='bbox 45 2399 116 2457; x_wconf 88' lang='lat' dir='ltr'>mus,</span> <span class='ocrx_word' id='word_1_134' title='bbox 144 2383 216 2462; x_wconf 87' lang='lat' dir='ltr'>quia</span> <span class='ocrx_word' id='word_1_135' title='bbox 250 2399 311 2446; x_wconf 92' lang='lat' dir='ltr'>non</span> <span class='ocrx_word' id='word_1_136' title='bbox 338 2391 385 2446; x_wconf 90' lang='lat' dir='ltr'>est</span> <span class='ocrx_word' id='word_1_137' title='bbox 407 2390 614 2463; x_wconf 85' lang='lat' dir='ltr'>assequutus,</span> <span class='ocrx_word' id='word_1_138' title='bbox 634 2381 717 2462; x_wconf 90' lang='lat' dir='ltr'>quod</span> <span class='ocrx_word' id='word_1_139' title='bbox 740 2382 873 2446; x_wconf 86' lang='lat' dir='ltr'>volebat.</span> <span class='ocrx_word' id='word_1_140' title='bbox 916 2382 950 2444; x_wconf 82' lang='lat' dir='ltr'>Si</span> 
     </span>
     <span class='ocr_line' id='line_1_21' title="bbox 46 2486 951 2567; baseline 0 -17"><span class='ocrx_word' id='word_1_141' title='bbox 46 2506 111 2552; x_wconf 89' lang='lat' dir='ltr'>usus</span> <span class='ocrx_word' id='word_1_142' title='bbox 137 2489 248 2552; x_wconf 88' lang='lat' dir='ltr'>luisset</span> <span class='ocrx_word' id='word_1_143' title='bbox 267 2489 443 2567; x_wconf 80' lang='lat' dir='ltr'>eloquentia</span> <span class='ocrx_word' id='word_1_144' title='bbox 471 2507 532 2552; x_wconf 92' lang='lat' dir='ltr'>non</span> <span class='ocrx_word' id='word_1_145' title='bbox 563 2487 734 2550; x_wconf 89' lang='lat' dir='ltr'>secundum</span> <span class='ocrx_word' id='word_1_146' title='bbox 761 2503 821 2550; x_wconf 79' lang='lat' dir='ltr'>sita</span> <span class='ocrx_word' id='word_1_147' title='bbox 847 2486 951 2550; x_wconf 88' lang='lat' dir='ltr'>consi·</span> 
     </span>
     <span class='ocr_line' id='line_1_22' title="bbox 45 2593 953 2674; baseline 0 -18"><span class='ocrx_word' id='word_1_148' title='bbox 45 2596 89 2669; x_wconf 85' lang='lat' dir='ltr'>lin,</span> <span class='ocrx_word' id='word_1_149' title='bbox 110 2595 165 2657; x_wconf 86' lang='lat' dir='ltr'>sed</span> <span class='ocrx_word' id='word_1_150' title='bbox 178 2610 287 2658; x_wconf 88' lang='lat' dir='ltr'>casum</span> <span class='ocrx_word' id='word_1_151' title='bbox 300 2601 432 2658; x_wconf 88' lang='lat' dir='ltr'>elusum</span> <span class='ocrx_word' id='word_1_152' title='bbox 443 2593 711 2667; x_wconf 81' lang='lat' dir='ltr'>hominumioelix</span> <span class='ocrx_word' id='word_1_153' title='bbox 723 2597 859 2674; x_wconf 81' lang='lat' dir='ltr'>prolecto</span> <span class='ocrx_word' id='word_1_154' title='bbox 874 2593 953 2656; x_wconf 86' lang='lat' dir='ltr'>luis-</span> 
     </span>
     <span class='ocr_line' id='line_1_23' title="bbox 47 2699 953 2780; baseline -0.001 -17"><span class='ocrx_word' id='word_1_155' title='bbox 47 2709 93 2763; x_wconf 87' lang='lat' dir='ltr'>set</span> <span class='ocrx_word' id='word_1_156' title='bbox 126 2701 246 2764; x_wconf 84' lang='lat' dir='ltr'>lllorum</span> <span class='ocrx_word' id='word_1_157' title='bbox 264 2699 406 2778; x_wconf 87' lang='lat' dir='ltr'>exempla</span> <span class='ocrx_word' id='word_1_158' title='bbox 418 2701 575 2780; x_wconf 83' lang='lat' dir='ltr'>sequimur</span> <span class='ocrx_word' id='word_1_159' title='bbox 590 2708 621 2762; x_wconf 90' lang='lat' dir='ltr'>et</span> <span class='ocrx_word' id='word_1_160' title='bbox 638 2717 695 2764; x_wconf 92' lang='lat' dir='ltr'>nos</span> <span class='ocrx_word' id='word_1_161' title='bbox 710 2707 766 2762; x_wconf 86' lang='lat' dir='ltr'>cto.</span> <span class='ocrx_word' id='word_1_162' title='bbox 809 2699 953 2763; x_wconf 82' lang='lat' dir='ltr'>Omnium</span> 
     </span>
     <span class='ocr_line' id='line_1_24' title="bbox 46 2806 951 2883; baseline 0.004 -17"><span class='ocrx_word' id='word_1_163' title='bbox 46 2807 125 2883; x_wconf 82' lang='lat' dir='ltr'>igitur</span> <span class='ocrx_word' id='word_1_164' title='bbox 137 2806 295 2870; x_wconf 88' lang='lat' dir='ltr'>hominum</span> <span class='ocrx_word' id='word_1_165' title='bbox 317 2806 418 2870; x_wconf 85' lang='lat' dir='ltr'>studio</span> <span class='ocrx_word' id='word_1_166' title='bbox 436 2807 482 2870; x_wconf 86' lang='lat' dir='ltr'>sic</span> <span class='ocrx_word' id='word_1_167' title='bbox 498 2808 635 2870; x_wconf 83' lang='lat' dir='ltr'>oriuntur</span> <span class='ocrx_word' id='word_1_168' title='bbox 651 2814 682 2869; x_wconf 91' lang='lat' dir='ltr'>et</span> <span class='ocrx_word' id='word_1_169' title='bbox 695 2806 848 2878; x_wconf 90' lang='lat' dir='ltr'>occidunt,</span> <span class='ocrx_word' id='word_1_170' title='bbox 870 2813 951 2877; x_wconf 72' lang='lat' dir='ltr'>ettul,</span> 
     </span>
     <span class='ocr_line' id='line_1_25' title="bbox 46 2911 951 2992; baseline 0.003 -19"><span class='ocrx_word' id='word_1_171' title='bbox 46 2911 160 2983; x_wconf 85' lang='lat' dir='ltr'>redeunt</span> <span class='ocrx_word' id='word_1_172' title='bbox 171 2919 202 2976; x_wconf 90' lang='lat' dir='ltr'>et</span> <span class='ocrx_word' id='word_1_173' title='bbox 215 2917 345 2983; x_wconf 87' lang='lat' dir='ltr'>manent,</span> <span class='ocrx_word' id='word_1_174' title='bbox 366 2913 669 2992; x_wconf 86' lang='lat' dir='ltr'>utsempcrluamnt</span> <span class='ocrx_word' id='word_1_175' title='bbox 696 2912 749 2976; x_wconf 87' lang='lat' dir='ltr'>Sic</span> <span class='ocrx_word' id='word_1_176' title='bbox 769 2929 830 2976; x_wconf 90' lang='lat' dir='ltr'>non</span> <span class='ocrx_word' id='word_1_177' title='bbox 850 2911 951 2976; x_wconf 88' lang='lat' dir='ltr'>sulum</span> 
     </span>
    </p>
   </div>
   <div class='ocr_carea' id='block_1_3' title="bbox 48 3016 1075 3096">
    <p class='ocr_par' dir='ltr' id='par_1_3' title="bbox 48 3016 1075 3096">
     <span class='ocr_line' id='line_1_26' title="bbox 48 3016 1075 3096; baseline 0.004 -19"><span class='ocrx_word' id='word_1_178' title='bbox 48 3017 73 3078; x_wconf 89' lang='lat' dir='ltr'>ln</span> <span class='ocrx_word' id='word_1_179' title='bbox 91 3016 138 3080; x_wconf 89' lang='lat' dir='ltr'>his</span> <span class='ocrx_word' id='word_1_180' title='bbox 159 3018 264 3082; x_wconf 83' lang='lat' dir='ltr'>verbis</span> <span class='ocrx_word' id='word_1_181' title='bbox 285 3018 451 3096; x_wconf 79' lang='lat' dir='ltr'>descriptio</span> <span class='ocrx_word' id='word_1_182' title='bbox 473 3024 530 3090; x_wconf 74' lang='lat' dir='ltr'>est,</span> <span class='ocrx_word' id='word_1_183' title='bbox 552 3026 585 3080; x_wconf 94' lang='lat' dir='ltr'>ut</span> <span class='ocrx_word' id='word_1_184' title='bbox 606 3017 679 3091; x_wconf 88' lang='lat' dir='ltr'>dixi,</span> <span class='ocrx_word' id='word_1_185' title='bbox 699 3019 785 3095; x_wconf 71' lang='lat' dir='ltr'>renni</span> <span class='ocrx_word' id='word_1_186' title='bbox 800 3019 953 3093; x_wconf 85' lang='lat' dir='ltr'>vanitatis,</span> <span class='ocrx_word' id='word_1_187' title='bbox 1071 3016 1075 3030; x_wconf 67' lang='lat'>‘</span> 
     </span>
    </p>
   </div>
   <div class='ocr_carea' id='block_1_4' title="bbox 50 3111 953 3206">
    <p class='ocr_par' dir='ltr' id='par_1_4' title="bbox 50 3111 953 3206">
     <span class='ocr_line' id='line_1_27' title="bbox 50 3111 953 3206; baseline 0.008 -22"><span class='ocrx_word' id='word_1_188' title='bbox 50 3123 97 3186; x_wconf 90' lang='lat' dir='ltr'>sed</span> <span class='ocrx_word' id='word_1_189' title='bbox 111 3126 198 3188; x_wconf 87' lang='lat' dir='ltr'>etiam</span> <span class='ocrx_word' id='word_1_190' title='bbox 214 3123 380 3190; x_wconf 90' lang='lat' dir='ltr'>similitudo</span> <span class='ocrx_word' id='word_1_191' title='bbox 401 3131 431 3187; x_wconf 89' lang='lat' dir='ltr'>et</span> <span class='ocrx_word' id='word_1_192' title='bbox 446 3123 547 3202; x_wconf 81' lang='lat' dir='ltr'>imago</span> <span class='ocrx_word' id='word_1_193' title='bbox 560 3124 730 3189; x_wconf 84' lang='lat' dir='ltr'>studiorum</span> <span class='ocrx_word' id='word_1_194' title='bbox 741 3111 953 3206; x_wconf 86' lang='lat' dir='ltr'>humanorum.</span> 
     </span>
    </p>
   </div>
   <div class='ocr_carea' id='block_1_5' title="bbox 49 3289 951 3476">
    <p class='ocr_par' dir='ltr' id='par_1_5' title="bbox 49 3289 951 3476">
     <span class='ocr_line' id='line_1_28' title="bbox 49 3289 951 3370; baseline 0.001 -18"><span class='ocrx_word' id='word_1_195' title='bbox 49 3289 179 3353; x_wconf 84' lang='lat' dir='ltr'>Omnis</span> <span class='ocrx_word' id='word_1_196' title='bbox 211 3307 336 3354; x_wconf 87' lang='lat' dir='ltr'>cansa</span> <span class='ocrx_word' id='word_1_197' title='bbox 358 3289 544 3354; x_wconf 90' lang='lat' dir='ltr'>dillicilis</span> <span class='ocrx_word' id='word_1_198' title='bbox 566 3299 642 3363; x_wconf 87' lang='lat' dir='ltr'>est,</span> <span class='ocrx_word' id='word_1_199' title='bbox 679 3307 807 3370; x_wconf 90' lang='lat' dir='ltr'>neque</span> <span class='ocrx_word' id='word_1_200' title='bbox 840 3289 951 3370; x_wconf 90' lang='lat' dir='ltr'>quis·</span> 
     </span>
     <span class='ocr_line' id='line_1_29' title="bbox 164 3397 916 3476; baseline -0.003 -15"><span class='ocrx_word' id='word_1_201' title='bbox 164 3413 276 3476; x_wconf 89' lang='lat' dir='ltr'>quam</span> <span class='ocrx_word' id='word_1_202' title='bbox 298 3398 507 3475; x_wconf 87' lang='lat' dir='ltr'>explicare</span> <span class='ocrx_word' id='word_1_203' title='bbox 528 3397 664 3458; x_wconf 85' lang='lat' dir='ltr'>verbis</span> <span class='ocrx_word' id='word_1_204' title='bbox 687 3403 849 3475; x_wconf 81' lang='lat' dir='ltr'>potest</span> <span class='ocrx_word' id='word_1_205' title='bbox 912 3433 916 3447; x_wconf 47' lang='grc' dir='ltr'><strong>ι</strong></span> 
     </span>
    </p>
   </div>
   <div class='ocr_carea' id='block_1_6' title="bbox 119 3517 1030 3612">
    <p class='ocr_par' dir='ltr' id='par_1_6' title="bbox 119 3517 1030 3612">
     <span class='ocr_line' id='line_1_30' title="bbox 119 3517 1030 3612; baseline 0.002 -24"><span class='ocrx_word' id='word_1_206' title='bbox 119 3527 204 3588; x_wconf 89' lang='lat' dir='ltr'>Hunc</span> <span class='ocrx_word' id='word_1_207' title='bbox 232 3532 348 3587; x_wconf 86' lang='lat' dir='ltr'>textum</span> <span class='ocrx_word' id='word_1_208' title='bbox 371 3533 569 3604; x_wconf 81' lang='lat' dir='ltr'>corruperunt</span> <span class='ocrx_word' id='word_1_209' title='bbox 591 3524 764 3612; x_wconf 71' lang='lat' dir='ltr'>sophistae,</span> <span class='ocrx_word' id='word_1_210' title='bbox 794 3525 865 3590; x_wconf 91' lang='lat' dir='ltr'>dum</span> <span class='ocrx_word' id='word_1_211' title='bbox 902 3523 953 3590; x_wconf 89' lang='lat' dir='ltr'>hic</span> <span class='ocrx_word' id='word_1_212' title='bbox 1027 3517 1030 3525; x_wconf 67' lang='lat'>&#39;</span> 
     </span>
    </p>
   </div>
   <div class='ocr_carea' id='block_1_7' title="bbox 52 3633 247 3648">
    <p class='ocr_par' dir='ltr' id='par_1_7' title="bbox 52 3633 247 3648">
     <span class='ocr_line' id='line_1_31' title="bbox 52 3633 247 3648; baseline 0 -2"><span class='ocrx_word' id='word_1_213' title='bbox 52 3633 247 3648; x_wconf 51' lang='grc' dir='ltr'><strong>ψ</strong></span> 
     </span>
    </p>
   </div>
   <div class='ocr_carea' id='block_1_8' title="bbox 51 3675 953 3844">
    <p class='ocr_par' dir='ltr' id='par_1_8' title="bbox 51 3675 953 3844">
     <span class='ocr_line' id='line_1_32' title="bbox 109 3675 953 3748; baseline 0 -16"><span class='ocrx_word' id='word_1_214' title='bbox 109 3679 141 3748; x_wconf 79' lang='lat' dir='ltr'>k)</span> <span class='ocrx_word' id='word_1_215' title='bbox 159 3680 221 3734; x_wconf 79' lang='lat' dir='ltr'>Aen.</span> <span class='ocrx_word' id='word_1_216' title='bbox 233 3675 314 3732; x_wconf 71' lang='lat' dir='ltr'>ltere.</span> <span class='ocrx_word' id='word_1_217' title='bbox 332 3675 463 3732; x_wconf 82' lang='lat' dir='ltr'>Flumine.</span> <span class='ocrx_word' id='word_1_218' title='bbox 500 3676 525 3740; x_wconf 85' lang='lat' dir='ltr'>l)</span> <span class='ocrx_word' id='word_1_219' title='bbox 543 3675 708 3730; x_wconf 82' lang='lat' dir='ltr'>Ul&#39;creature</span> <span class='ocrx_word' id='word_1_220' title='bbox 720 3691 769 3732; x_wconf 84' lang='lat' dir='ltr'>suc</span> <span class='ocrx_word' id='word_1_221' title='bbox 779 3685 850 3732; x_wconf 83' lang='lat' dir='ltr'>melu</span> <span class='ocrx_word' id='word_1_222' title='bbox 863 3677 953 3732; x_wconf 76' lang='lat' dir='ltr'>iens·</span> 
     </span>
     <span class='ocr_line' id='line_1_33' title="bbox 51 3768 953 3844; baseline 0.006 -20"><span class='ocrx_word' id='word_1_223' title='bbox 51 3779 98 3826; x_wconf 78' lang='lat' dir='ltr'>tus:</span> <span class='ocrx_word' id='word_1_224' title='bbox 113 3772 617 3844; x_wconf 74' lang='lat' dir='ltr'>tulonuasatvutntennplnntnr.</span> <span class='ocrx_word' id='word_1_225' title='bbox 634 3768 676 3839; x_wconf 87' lang='grc' dir='ltr'><strong>ιιι)</strong></span> <span class='ocrx_word' id='word_1_226' title='bbox 687 3769 783 3826; x_wconf 76' lang='lat' dir='ltr'>dalius.</span> <span class='ocrx_word' id='word_1_227' title='bbox 801 3773 834 3840; x_wconf 91' lang='grc' dir='ltr'>ιι)</span> <span class='ocrx_word' id='word_1_228' title='bbox 847 3771 953 3829; x_wconf 76' lang='lat' dir='ltr'>cicaro.</span> 
     </span>
    </p>
   </div>
   <div class='ocr_carea' id='block_1_9' title="bbox 111 3866 315 3939">
    <p class='ocr_par' dir='ltr' id='par_1_9' title="bbox 111 3866 315 3939">
     <span class='ocr_line' id='line_1_34' title="bbox 111 3866 315 3939; baseline -0.005 -17"><span class='ocrx_word' id='word_1_229' title='bbox 111 3866 156 3939; x_wconf 82' lang='lat'>1³)</span> <span class='ocrx_word' id='word_1_230' title='bbox 179 3867 315 3924; x_wconf 75' lang='lat' dir='ltr'>Salomon.</span> 
     </span>
    </p>
   </div>
   <div class='ocr_carea' id='block_1_10' title="bbox 0 0 1158 4316">
    <p class='ocr_par' dir='ltr' id='par_1_10' title="bbox 0 0 1158 4316">
     <span class='ocr_line' id='line_1_35' title="bbox 0 0 1158 4316; baseline 0 0"><span class='ocrx_word' id='word_1_231' title='bbox 0 0 1158 4316; x_wconf 95' lang='lat' dir='ltr'> </span> 
     </span>
    </p>
   </div>
  </div>
 </body>
</html>
