2308 4316
284 287 315 348 in
337 285 526 350 uaeresiasnan
549 287 721 350 Salomonis.
881 308 885 324 ·
943 283 965 354 b

68 469 150 548 jugia,
182 465 322 543 imperia,
361 467 461 530 athaia
491 478 522 530 et
553 471 637 532 verbi
667 470 847 544 ministeria,
883 487 964 550 quaa

72 577 156 640 onmia
181 571 304 634 mirifice
334 573 383 636 hio
410 573 514 638 laudat
543 585 572 638 et
600 577 680 640 dona
702 577 754 640 liei
783 571 963 658 appellati).

72 683 100 746 lit
118 699 177 744 oum
193 679 337 746 Salomon
359 681 446 756 ipsos
468 681 837 760 hominoskseuoonsilia
858 699 963 746 aarum

73 789 202 850 vanitates
230 801 305 848 esse
327 786 451 859 doceat,
483 777 542 865 ipsi
570 771 753 853 inuertantes
787 791 887 854 omniu
913 781 985 854 res‘

71 899 143 974 ipsas
163 879 256 954 vanas
278 893 445 969 appellant,
468 901 553 956 etse
575 911 694 973 suaque
716 896 845 960 consilia
865 893 965 965 solide

71 1009 95 1064 et
111 1007 185 1060 raota
204 998 468 1073 esse-opinantur,
491 999 616 1074 pulchre
638 1003 788 1064 contraria
810 1003 965 1066 Salomoni

71 1105 244 1170 somniantes.
288 1102 441 1174 Breviter,
471 1104 544 1165 nibil
572 1107 630 1170 nisi
659 1105 792 1170 mohstra
815 1108 904 1170 nobis
926 1123 965 1170 ax

71 1217 118 1276 isto
138 1208 335 1288 pulcherrimo
356 1216 388 1272 et
408 1207 569 1272 utilissimo
591 1212 666 1274 libro
690 1207 912 1290 pioduxaruuh
935 1220 965 1276 et

40 1327 45 1340 ’
72 1321 143 1397 plana
158 1333 195 1377 ex
215 1331 291 1376 auro
304 1315 408 1377 divino
431 1316 633 1391 abominanda
648 1318 730 1380 idola
748 1318 964 1382 conflaverunt.

138 1425 230 1500 Quare
265 1421 304 1482 ad
345 1420 403 1483 has
442 1424 584 1484 tenebras
614 1421 811 1512 illustrandus
842 1433 872 1488 et
905 1433 963 1488 tom

71 1530 143 1594 loeda
162 1527 242 1590 idola
268 1525 467 1598 conterenda,
501 1545 537 1587 eo
560 1529 678 1590 laailius
700 1546 815 1606 passus
837 1526 965 1606 sumis),

70 1639 116 1698 has
141 1651 222 1696 meas
249 1633 462 1698 annotationes
490 1634 617 1699 oliorum
647 1652 738 1696 manu
768 1644 914 1714 exceptas
936 1642 966 1696 st

70 1743 117 1804 hae
134 1740 234 1820 phrasi
261 1739 407 1804 formatas
432 1739 573 1820 (quando
595 1757 650 1818 per
672 1743 792 1818 negotia
815 1743 884 1820 ipse
904 1759 964 1804 non

70 1850 139 1928 potui
167 1847 263 1925 justo
284 1846 501 1910 commentario
523 1864 603 1911 ¹eum
636 1848 744 1910 librum
779 1848 962 1932 explanare)

70 1954 213 2032 publicari,
247 1947 328 2030 qu'ee
356 1954 499 2030 quamuis
531 1953 591 2013 sint
623 1961 729 2014 tenuas
758 1959 787 2013 et
817 1952 966 2023 modicae,

70 2069 152 2121 tamen
173 2058 218 2130 iis,
241 2059 294 2148 qui
317 2059 442 2122 meliora
463 2075 523 2122 non
540 2057 661 2129 habeut,
685 2060 731 2119 vel
753 2073 872 2122 meeum
895 2057 966 2120 olim

70 2165 170 2226 sedaoti
197 2165 318 2226 luerunt
339 2165 425 2228 falsis
448 2165 575 2242 glossis,
605 2171 736 2240 possunt
763 2168 967 2238 ooaasionsm,

70 2278 95 2332 ut
111 2269 303 2348 sapientibus,
325 2271 406 2340 dara,
429 2287 492 2348 quo
515 2271 573 2348 ipsi
590 2271 730 2332 meliores
749 2271 832 2343 liant,
853 2281 882 2334 ol
904 2288 967 2334 ma·

70 2379 131 2440 liora
151 2376 310 2438 inveniant.
354 2375 427 2439 Mihi
449 2393 524 2440 sane
550 2377 709 2453 plurimum
734 2379 899 2455 voluptatis
921 2385 967 2440 at-

71 2483 135 2554 tolit,
167 2482 381 2556 uoemotlious
413 2491 523 2560 gustus
551 2481 643 2558 hujus
675 2483 764 2546 libelli
801 2491 966 2561 postquam

71 2595 121 2650 tota
144 2588 202 2650 vita
232 2588 262 2648 in
286 2588 335 2650 illo
356 2589 514 2665 fatigatas,
543 2591 654 2650 trustra
676 2605 724 2650 me
745 2589 847 2666 ipsum
870 2591 967 2652 ortaci-

70 2694 196 2766 arissam,
224 2700 255 2754 et
276 2693 472 2772 opinionibus
494 2695 594 2770 impiis
617 2700 722 2756 eontra
743 2693 833 2758 iidem
855 2695 966 2758 Christi

72 2798 274 2878 aormpissem·,
299 2801 337 2861 de
359 2817 421 2878 quo
443 2801 628 2862 laetissimas
645 2800 709 2880 'ago
732 2801 863 2878 gratias,
887 2803 966 2863 Patri

72 2906 342 2975 misericordiarum.
371 2906 422 2988 qui
452 2913 496 2968 tot
516 2907 763 2981 revolutionibus,
786 2915 868 2970 tanta
891 2911 966 2981 lurae,

72 3012 121 3074 hoo
140 3013 336 3074 novissimum
360 3015 516 3074 saeculum
538 3013 680 3089 dignatus
703 3020 927 3076 estrenouare.

140 3118 325 3202 igitur-huno
346 3119 454 3179 libram
470 3118 675 3182 Ecclesiasten
697 3119 809 3182 rectius
834 3137 890 3183 nos
913 3135 966 3184 vo·

74 3221 234 3302 caramuel)
259 3225 383 3288 Pottttca
406 3225 454 3286 val
469 3224 675 3288 Oeconomico
697 3225 884 3299 Salomonis,
906 3243 966 3290 uon

74 3345 149 3402 sane,
170 3330 249 3413 quod
272 3331 357 3409 legas
378 3333 453 3394 leret
473 3339 527 3394 aut
548 3332 659 3396 condat
679 3331 832 3408 regendae
854 3335 903 3394 vel
925 3333 967 3396 ei·

77 3511 268 3529 Ἥ

133 3602 155 3670 i)
174 3604 237 3668 Quia
260 3604 465 3671 perennitatem
487 3601 648 3655 intellexerit
667 3603 800 3656 Salomon.
847 3603 880 3670 hl
899 3605 967 3682 Quuial

78 3700 173 3752 mouerit
191 3699 327 3752 bulherum
345 3698 376 3749 ari
398 3698 463 3750 haee
478 3701 665 3750 commentaria¹
687 3699 797 3752 euentu.
834 3697 855 3760 Ι)
870 3682 966 3752 ''licaia-
1022 3713 1024 3722 ’

80 3795 155 3846 uiantes
171 3795 263 3848 rectius
275 3801 415 3847 vocaretur
433 3791 541 3844 Politica
561 3791 604 3847 vel
623 3794 798 3846 Oeconomico
809 3793 965 3848 Salomonis.

82 3887 148 3943 atto:
165 3887 332 3945 Ecclesiastes
345 3887 456 3942 Politian
471 3887 629 3943 Salomonis.
663 3887 838 3946 Ecelenimaa
860 3887 965 3942 utilitas.
1028 3873 1036 3939 .'
