2386 4316
64 252 83 266 '
120 355 123 362 Δ
242 285 253 342 ·,
262 281 266 285 ’
332 256 335 266 ‘
386 259 498 322 Gontitd
513 209 708 322 dandoorunn
891 221 893 238 Ι
932 251 996 322 ste

164 427 313 502 Parvulas
343 440 464 518 vulpes:
481 446 553 502 suut
579 439 648 504 taisi
675 439 783 512 iratres
812 440 843 500 in
864 439 1008 511 ecelesia¹

82 555 113 608 et
126 545 283 638 haereses,
304 561 385 624 quae
401 545 499 624 prino
519 547 563 608 ita
583 552 718 623 serpunt,
738 551 772 608 ut
786 544 907 608 ditiioiie
922 527 997 623 pos·
1014 521 1035 608 ³,

80 653 145 714 sint
164 652 331 725 observari.
374 651 430 728 oui
457 658 558 716 autem
579 650 772 730 respublicas
795 652 930 728 turbant,
955 651 996 713 iili
1035 639 1038 654 '
1071 731 1073 739 X

82 759 185 825 statim
207 758 338 838 produnt
357 773 393 820 se
414 757 574 846 seditiosis
591 757 750 842 oonsitiis;
765 757 881 830 sinaites
902 756 998 834 majo·

80 866 168 928 ribus
190 865 351 948 vulpibus,
383 879 465 942 quae
486 879 546 928 non
574 865 616 927 ita
636 871 768 944 possunt
792 880 829 928 se
850 865 996 928 occulere.

251 1029 353 1126 [Nam
376 1030 494 1092 vinea
514 1037 654 1112 nostra
674 1029 821 1120 itoruit.

166 1181 245 1244 Vide
267 1181 400 1244 Satanae
421 1179 566 1253 insidias,
594 1188 697 1260 captat
721 1181 752 1243 id
773 1188 910 1272 tempus,
936 1199 1000 1261 quo

65 1287 245 1367 'plurimum
263 1302 374 1350 nocere
395 1293 506 1366 potest.
549 1287 602 1349 Sia
623 1288 681 1350 sub
703 1295 819 1367 papatu
839 1288 1000 1378 tranquilia

80 1395 169 1456 erant
190 1395 308 1472 omnia3
331 1395 387 1456 sed
401 1401 568 1473 postquam
587 1394 713 1475 verbum
732 1395 833 1472 eoepit
847 1395 1010 1466 seminari,¹
1070 1406 1081 1454 ¹,
1115 1425 1119 1430 ,

81 1501 251 1566 seditiones
280 1507 310 1562 et
336 1498 485 1562 haereses
513 1507 639 1562 exortae
661 1491 747 1574 sunt,
774 1517 856 1579 quaa
885 1502 999 1562 subna-

82 1614 222 1668 soentem
244 1607 394 1684 evangelii
416 1607 534 1683 frugem
555 1599 803 1690 oonumparent,'
821 1624 888 1670 oum
911 1606 1000 1670 antea

83 1715 146 1776 alta
168 1717 330 1791 peretum
351 1712 545 1790 respublicae
572 1721 635 1775 tum
657 1715 807 1776 eeclesiae
829 1713 1002 1800 viderentur
1036 1803 1037 1808 ἵ

80 1819 149 1886 frui.
194 1819 310 1894 Quanto
339 1818 429 1898 igitur
450 1820 560 1882 certior
581 1820 750 1893 ostenditur
770 1821 1001 1894 fruetus'verbi,

80 1931 167 1988 tanto
190 1933 239 1988 est
260 1927 432 1988 cavendum
453 1926 568 2002 magis,
596 1943 637 1988 ne
657 1926 776 1990 insidiis
798 1926 931 1990 Satanae
952 1945 999 1989 re·
1063 1975 1068 1988 ,
1114 1905 1119 1924 ’

80 2031 344 2110 linquaturlo'ous
358 2029 406 2111 ¹⁹).
445 2019 448 2028 ¹

203 2155 385 2260 Dilectus
406 2213 516 2260 meus
538 2197 642 2274 mihi,
664 2205 700 2261 et
721 2213 791 2276 ego
813 2199 880 2262 iili.

165 2349 220 2412 Est
241 2350 331 2428 quasi
358 2348 579 2427 epiphonema,
605 2365 668 2429 quo
694 2349 863 2428 respondet
884 2358 1012 2428 sponsa¹

81 2474 220 2536 sponso,
248 2462 278 2518 et
299 2447 450 2534 spondeo¹
467 2473 503 2518 se
523 2455 585 2519 hoo
605 2457 685 2519 veile
705 2458 820 2547 faeere,
842 2464 874 2522 ut
895 2473 1000 2536 perse-

82 2572 168 2626 venet
189 2561 429 2636 insinceritate,
462 2567 493 2624 et
514 2564 625 2642 vulpes
645 2563 791 2628 observet
812 2579 850 2626 ao
870 2545 980 2662 capiat.

82 2729 152 2806 Qui
186 2728 368 2816 pasoitur
399 2728 507 2794 inter
545 2728 650 2814 iilia,
693 2729 819 2796 donae
849 2729 1004 2810 aspiret
1076 2747 1079 2761 ·

465 2834 629 2900 diesete.

167 2989 298 3054 Manebo
320 3007 390 3082 cunr
415 3005 533 3080 sponso
558 2991 646 3063 meo,
674 2990 814 3069 pascenti
836 2989 912 3057 inter
933 2985 1003 3065 lilia.
1085 3054 1088 3061 s

84 3096 207 3159 etiamsi
228 3113 289 3160 nox
308 3104 339 3160 et
359 3097 474 3159 umbra
489 3096 634 3177 venepint
695 3135 714 3182 ,¹

81 3263 312 3342 Revertor-e,
346 3261 492 3326 similis
526 3243 626 3336 asto,
659 3260 806 3326 diieote
839 3264 899 3337 mi,
935 3281 1001 3326 oa-

84 3383 217 3446 preae,
238 3366 484 3448 hinnuloque
506 3382 727 3443 cervorum,
754 3385 875 3448 super
896 3371 1002 3433 dron-
1049 3365 1054 3378 '

424 3479 486 3538 tes
508 3473 663 3540 Bethar.
749 3519 752 3527 .
815 3485 818 3493 ·

168 3623 223 3688 Est
243 3593 410 3703 precatio,v
428 3642 519 3690 mane
538 3635 572 3690 tu
599 3642 724 3707 quoque
751 3625 834 3703 apud
854 3628 1001 3705 populum

156 3856 188 3927 ⁸)
207 3806 333 3912 Florente
343 3852 427 3911 verbo
438 3853 550 3948 monime
560 3854 707 3912 avendum
718 3856 751 3912 ab
763 3814 867 3918 insidiis
876 3853 999 3919 Sauone.
