2308 4316
191 257 236 328 ²4
471 256 793 344 *ostentamus
839 269 844 290 ·

197 454 200 474 ²
276 443 468 522 iliciteruun
494 451 647 524 nugantur
668 446 845 526 sophistae,
872 445 943 510 dum
966 445 1042 510 haec
1064 447 1097 512 de

192 551 389 629 abusione
410 551 592 630 intelligunt,
621 567 693 622 cum
713 562 813 616 tomen
835 554 995 642 manttbste
1014 556 1098 630 signi·

193 657 278 730 ticet,
310 674 346 720 se
373 656 412 719 de
435 655 598 722 affectibus
619 665 651 722 et
673 660 889 738 cupiditatibus
910 660 1011 739 toqui,
1038 678 1097 723 cun

194 765 253 826 ait:
280 764 346 826 Non
368 769 524 826 saturatur
543 765 653 828 acutus
674 771 731 828 etc.
774 766 850 842 Quia
869 765 993 829 auditus
1013 775 1042 828 et
1060 768 1097 828 vi-

158 905 161 919 ·
192 887 249 934 sus
271 877 341 934 sunt
356 883 485 942 sensus,
513 870 567 948 qui
584 871 720 934 maxime
740 873 875 936 sentiunt
895 889 947 935 res
980 879 1011 934 et
1040 873 1099 936 citi-

192 979 311 1040 ciuntur
330 978 433 1042 rebus.
475 973 595 1054 Estque
614 975 693 1040 haec
715 977 873 1040 sententia.
893 1041 897 1060 ,

226 1119 239 1232 ’,
317 1133 321 1141 ’
350 1111 473 1220 Quare
493 1149 554 1205 est
576 1141 760 1240 roqquoo
782 1121 884 1208 tutto
902 1151 960 1206 ae.
1011 1173 1015 1180 -

213 1330 219 1339 .
274 1271 308 1336 Id
329 1283 386 1346 est.
408 1277 576 1352 postquam
593 1271 708 1350 parasti
721 1272 803 1350 quod
819 1273 957 1346 volebas,
977 1273 1094 1336 nondun

193 1385 294 1444 tanen
315 1393 403 1442 mens
425 1376 575 1458 quiescit,
603 1377 646 1456 ita
666 1393 701 1440 es
724 1376 853 1448 affectus
874 1385 948 1458 post
976 1390 1093 1457 paratae

113 1485 121 1500 '
190 1501 270 1558 rem,
290 1485 385 1574 ¹sicut
405 1498 482 1567 ¹eras
517 1492 587 1547 ante
608 1489 746 1564 paratam
767 1499 840 1564 rem.
881 1484 1010 1546 Animus
1032 1503 1093 1546 non-

190 1608 284 1670 quam
310 1591 449 1668 expietur
463 1589 503 1667 t),
524 1589 697 1654 Alexander
719 1597 806 1666 parto
828 1591 926 1664 orba·
953 1590 1024 1652 nihii
1051 1590 1092 1652 ia-

155 1774 160 1783 ·
190 1698 242 1760 bet
269 1696 401 1776 amplius
423 1667 518 1776 quarn
540 1702 644 1770 antea
673 1695 747 1775 quia
768 1694 888 1758 animus
915 1694 1008 1782 nihilo
1038 1698 1093 1773 ptus

191 1808 359 1884 saturatur,
391 1802 473 1866 sicut
497 1809 568 1864 ante
595 1808 737 1866 conatum
758 1800 831 1866 nihil
863 1799 980 1876 affecit,
1014 1803 1053 1865 sic
1070 1811 1093 1862 ct

189 1916 301 1988 postea
319 1905 395 1970 nihil
408 1906 509 1970 afficit
536 1907 634 1970 Julius
646 1906 682 1986 υ)
705 1907 819 1985 cogitat
832 1907 1013 1970 constituero
1027 1925 1092 1970 reu·
1141 1937 1142 1998 ss

189 2015 359 2101 publicam,
386 2011 469 2077 idern
491 2014 606 2093 cogitat
626 2011 803 2090 Brutusv)‚
834 2020 866 2076 et
886 2023 992 2078 neuter
1009 2013 1092 2078 efficit.

190 2120 257 2184 Hoc
277 2127 341 2192 est,
372 2119 457 2198 quod
485 2120 540 2183 ait:
563 2120 658 2196 Quale
677 2127 727 2184 est
747 2121 786 2196 id,
807 2121 892 2200 quod
913 2120 993 2184 tuiti
1017 2121 1092 2198 piano

189 2227 222 2290 id
242 2224 327 2306 quud
347 2225 461 2289 tactum
482 2233 545 2298 est,
574 2225 605 2288 id
627 2232 690 2288 est:
705 2243 837 2308 *semper
857 2233 906 2290 est
927 2225 1005 2288 idam
1031 2225 1092 2288 atie·

172 2331 276 2408 'ctos;
299 2330 353 2418 qui
364 2347 520 2410 nunquam
533 2337 695 2403 saturatur,
712 2333 801 2412 quod
814 2334 877 2396 vuit
895 2340 926 2394 ot
940 2331 1036 2394 studet
1048 2329 1091 2392 ba·
1140 2319 1141 2408 t

190 2440 264 2506 bere
286 2441 341 2500 out
360 2433 498 2510 attinere,
526 2446 575 2500 est
595 2437 670 2499 iilud
690 2439 802 2518 ipsunt
822 2437 985 2518 quonjam
1005 2437 1090 2498 babet.

190 2546 326 2615 Summa,
347 2543 414 2608 toci
436 2539 597 2622 cinctino
617 2540 832 2624 iiotrbnnttt
852 2558 882 2609 ct
898 2553 1016 2625 nornen
1035 2542 1090 2619 naq

189 2648 394 2734 inebriabat.
436 2647 719 2726 Significaturenim
741 2651 790 2712 itte
810 2650 992 2729 irrequietus
1012 2655 1039 2710 ct
1056 2649 1091 2708 in·
1138 2725 1139 2730 ἵ

190 2756 341 2831 satiabilis
363 2753 519 2846 appetitus
540 2761 571 2816 et
592 2756 713 2818 vanitas
734 2755 837 2820 cordis
864 2755 1002 2827 bomani,
1022 2755 1089 2833 quod

189 2881 252 2932 non
273 2866 377 2941 potest
398 2858 502 2945 satiari
522 2859 618 2923 rebus
631 2862 853 2940 praesentibus,
875 2862 1091 2942 quibuscunque

190 2971 293 3033 etiam.
335 2967 403 3030 Hoc
435 2965 520 3048 quod
550 2963 643 3030 hodie
678 2963 807 3046 uerieci,
841 2967 913 3031 ninii
943 2975 1004 3038 ast,
1037 2967 1091 3028 sive

191 3073 305 3154 aliquid
327 3070 475 3145 habuero,
496 3072 565 3136 sive
586 3073 725 3148 eiieoero,
746 3091 806 3136 non
826 3083 926 3137 tannen
944 3091 1012 3137 suun
1029 3088 1089 3142 eon·

191 3187 307 3252 tentus,
330 3193 455 3258 semper
472 3179 543 3242 volo
565 3179 625 3240 alia
647 3180 755 3248 iacere.
798 3180 850 3243 Sic
870 3179 984 3242 iaciunt
1000 3194 1088 3241 omnes
1136 3259 1137 3262 Ἴ

191 3283 401 3368 nominasti),
423 3283 470 3347 sic
490 3283 562 3348 iecit
581 3284 687 3362 tutius,
709 3289 755 3352 sic
776 3284 950 3363 Pompeius,
971 3285 1014 3346 sic
1032 3281 1088 3344 tila·

190 3390 313 3453 xander.
334 3461 337 3470 Δ
355 3389 394 3452 Et
414 3388 498 3468 quod
520 3389 561 3450 itti
583 3391 732 3468 iecerunt,
760 3398 873 3460 iaciunt
899 3405 1027 3466 omnes;-
1046 3405 1087 3448 cu·

193 3496 279 3577 piunt
299 3496 414 3570 iutura,
439 3495 598 3560 fastidiunt
621 3499 802 3575 praesentia.
844 3495 1016 3580 Memineris
1033 3492 1086 3558 ita!

187 3655 399 3673 —m—

187 3767 189 3770 ·
265 3743 292 3814 t)
308 3744 415 3814 intinita
423 3743 557 3798 hominurn
570 3692 706 3816 cupidita.
760 3743 899 3815 anuline.
953 3745 984 3812 v)
999 3699 1086 3804 brutas.

195 3835 240 3907 w)
260 3835 334 3906 Opus
350 3837 495 3893 homiuum.
