2308 4316
186 275 209 344 6
314 257 323 274 ,
396 326 400 332 ι
574 276 719 338 Praelatio.

188 462 289 524 vitatis
318 463 366 524 vel
388 461 518 523 lumiliae
541 458 619 536 thoe
641 459 720 522 enim
753 456 875 520 abunde
897 464 1032 535 praestat
1048 458 1094 536 ius
1134 445 1135 508 Ῐ

151 647 154 653 .
188 576 328 642 naturae,
358 563 418 630 seu
435 568 512 630 ratio
533 566 680 637 humana,
709 565 759 624 cui
780 564 939 626 subiectae
961 571 1031 626 sunl
1050 583 1093 636 res

186 685 338 747 terrenae,
371 675 462 735 Gene
485 671 518 746 l,
550 689 631 751 quae
652 677 683 731 et
710 673 779 732 lons
806 677 836 731 et
855 668 949 746 iudex
976 679 1007 730 et
1032 669 1093 752 finis
1134 665 1135 746 ξ

187 795 310 858 semper
336 780 405 852 luit,
431 787 479 844 cst
506 785 538 841 et
567 793 689 840 manere
710 777 802 838 debet
830 775 963 837 omnium
992 777 1093 852 legum,

187 893 247 948 tam
270 885 460 964 politicarum
476 901 568 964 quam
587 881 852 958 domesticarum),
875 881 940 953 sed,
962 882 1013 960 qui
1036 883 1093 944 viro

187 993 216 1054 in
245 993 349 1070 politia
376 993 424 1053 vel
458 991 550 1052 domo
581 991 716 1052 versanti
748 989 887 1050 consulat
915 987 950 1047 iu·
978 989 1093 1050 casibus
1134 1023 1135 1073 p

186 1099 339 1170 tristibus,
365 1104 396 1158 ot
425 1097 558 1164 animum
580 1093 699 1156 erudiat
720 1097 757 1156 a'c
777 1093 901 1170 roboret
923 1093 963 1154 ad
986 1093 1135 1172 patien-
1134 1087 1135 1098 ’

186 1204 279 1266 tiam
272 1221 301 1265 ιη
317 1201 451 1266 terendis
467 1201 563 1273 malis,
579 1209 744 1280 quaesunt
759 1200 800 1262 ibi
817 1199 940 1273 infinita,
960 1207 993 1262 ut
1007 1202 1093 1260 amni-

187 1327 238 1370 um
274 1307 468 1372 historiarum
498 1321 656 1374 sacrorum
685 1306 766 1379 libri,
801 1307 875 1384 quin
910 1312 941 1368 ot
969 1308 1135 1374 omniuml

41 1403 43 1413 ’
129 1494 132 1504 1
186 1417 346 1477 Poetarum
373 1415 494 1476 tabulae
529 1419 690 1485 testantur,
723 1413 831 1490 quales
868 1419 940 1474 sunt
964 1413 1091 1474 Herculis
1134 1347 1135 1478 d

185 1518 384 1630 labpresm),
422 1519 546 1598 Ulyesis
576 1526 606 1581 et
635 1518 761 1581 aliorum
795 1525 932 1580 monstra
961 1518 1091 1591 edomita,
1134 1509 1135 1594 l

186 1600 286 1706 qualis
314 1625 441 1688 Davidis
475 1641 585 1698 ursus,
619 1627 666 1689 leo
698 1633 729 1686 et
757 1623 877 1687 Goliath
905 1631 961 1685 eto.
1016 1599 1091 1687 dana
1134 1595 1135 1688 d

66 1739 72 1748 ¹
186 1742 282 1795 artem
305 1731 356 1812 qui
378 1731 512 1808 ignorat,
543 1731 664 1794 tandem
694 1734 798 1793 lessus
819 1725 901 1806 cedit
921 1739 952 1792 et
971 1731 1041 1802 ruit,
1067 1741 1092 1793 et
1134 1741 1135 1796 l

186 1839 219 1902 fit
247 1837 315 1916 eius
344 1837 431 1899 ruina
459 1852 585 1914 magua,
614 1839 694 1900 sicut
720 1838 843 1909 Timon,
870 1836 1091 1910 Demosthenes,

185 1945 292 2008 cicero
314 1950 345 2006 et
366 1943 416 2005 alii
437 1945 541 2022 plures
558 1945 740 2008 cecideruut
782 1931 1048 2022 llac'impatientia
1066 1951 1091 2003 et
1134 1945 1135 2030 l

118 2041 127 2044 ’
185 2049 331 2112 haeretici
357 2050 386 2110 iu
407 2047 546 2136 Ecclesia
573 2059 676 2114 sectas
698 2051 881 2123 excitarunt,
909 2049 990 2127 quod
1014 2049 1090 2110 mini·
1134 2031 1135 2103 l

187 2157 281 2220 steria
302 2172 361 2218 sua
389 2157 468 2218 ferre
495 2171 555 2218 non
577 2164 706 2236 possent
732 2165 858 2235 propter
879 2154 1020 2216 malitiam
1041 2155 1089 2216 bo·

186 2263 316 2335 minum,
345 2261 391 2324 sie
415 2263 466 2340 (ut
487 2261 612 2342 dicitur)
637 2246 811 2342 desp'eretio
833 2263 903 2325 lecit
924 2260 1089 2333 ltlonachoe,

186 2369 388 2448 quieveram
410 2375 472 2440 est,
494 2369 577 2447 quod
600 2370 675 2432 dixit
696 2370 744 2431 ille
766 2365 908 2448 sapiens:
942 2367 1089 2444 Magistra·
1134 2383 1135 2450 t

185 2483 235 2538 tus
263 2475 362 2537 virum
389 2475 592 2555 ostendum:
616 2468 690 2538 'Sed
719 2475 777 2538 nisi
806 2469 1088 2554 quie²DSalomon
1134 2473 1135 2552 l

130 2667 134 2671 .
185 2581 364 2644 exhortetur
384 2588 415 2644 et
435 2579 618 2644 consoletur.
661 2582 857 2660 Magistratus
882 2581 979 2641 virum
1000 2577 1090 2642 obruit

185 2694 216 2806 ct
238 2686 396 2794 extinguit,
420 2704 457 2750 ae
478 2690 600 2752 omnino
622 2690 727 2767 perdit.
947 2731 949 2736 ,

239 2789 455 2856 commendo
489 2793 580 2870 igitur
615 2797 673 2874 piis
710 2793 851 2857 lratribus
884 2793 967 2856 hune
1000 2807 1088 2852 mcum
1134 2795 1135 2847 t

187 2903 399 2971 Salomonem,
427 2899 590 2962 indicatum
614 2903 716 2964 verius
739 2919 830 2980 quam
853 2907 1034 2971 enarratum,
1064 2906 1088 2959 ct

186 3014 276 3086 opto,
304 3013 338 3067 ut
358 3005 570 3070 abundantiori
593 3008 700 3086 spiritu
730 2998 761 3070 ¹et
789 3005 911 3070 lelieiori
942 3023 1016 3067 reno
1043 3007 1089 3064 ali-

142 3134 144 3138 ·
168 3113 256 3192 ‘quis
273 3111 409 3191 prodeat,
431 3113 482 3191 qui
503 3114 613 3175 librum
636 3114 718 3176 huno
740 3131 794 3193 pro
808 3115 953 3191 dignitate
971 3113 1089 3190 explicet
1134 3103 1135 3184 l

185 3228 217 3282 et
237 3226 377 3290 exornet,
405 3219 442 3291 ad
469 3221 590 3282 laudem
613 3220 666 3282 [lei
689 3229 719 3282 et
740 3228 945 3282 ereaturarum
967 3235 1088 3287 suanum,
1134 3203 1135 3270 l

187 3327 236 3388 eui
258 3328 299 3389 sit
320 3325 415 3403 gloria
436 3328 466 3388 in
488 3323 651 3400 aeternum,
674 3343 729 3406 per
746 3327 852 3390 lesum
867 3323 1017 3388 christum
1037 3325 1088 3386 llo·

187 3435 300 3496 minum
322 3439 468 3498 nostrum.
510 3437 618 3498 Amen.
713 3469 716 3474 ·
755 3414 757 3418 ’

260 3665 301 3752 m)
318 3683 440 3738 Herculis
459 3652 573 3738 labores
639 3681 672 3753 ιι)
692 3653 858 3752 llagistratus
875 3683 960 3738 virum
980 3681 1116 3741 ostendit

259 3780 289 3846 2)
308 3762 404 3850 aliquis
423 3777 531 3847 (15³2).
700 3773 703 3782 ’

544 3895 751 3918 m

1134 3595 1135 3676 l

1134 3931 1135 3966 l

1134 3981 1135 4012 l
