2406 4322
203 202 267 276 ast·
381 290 383 296 ,
494 199 694 288 ⁴riputati
717 207 783 270 aaa
1018 289 1022 298 ι

191 389 302 452 'affluit
323 386 448 468 quando
468 387 589 467 diligat,
616 405 655 454 ac
674 403 731 470 per
750 388 827 463 hon,
853 403 912 452 nea
932 389 1056 470 quando
1077 393 1116 454 ta·

205 495 265 560 siat
291 495 376 574 quod
404 502 453 558 est
473 495 503 558 in
525 511 573 570 se,
601 502 655 560 aut
677 496 839 576 quomodo
862 502 892 558 ει
920 495 994 574 quid
1022 497 1115 572 ιεείει,

203 607 237 664 ut
260 602 351 664 iaciat
372 602 457 680 quud
477 608 526 666 εει
546 602 576 664 in
597 599 650 682 se;
678 610 731 666 aut
752 609 855 668 certus
876 600 935 664 erit
955 602 996 664 (ιε
1017 605 1115 680 gratia,

204 707 288 790 quod
310 723 418 772 amnas
439 715 572 798 negant,
972 776 986 794 ‚
1126 703 1129 720 '
1174 705 1175 784 ι

284 837 320 900 Si
341 835 471 900 dixeris:
498 825 596 900 Dabat
616 837 734 910 conari,
762 843 797 901 ut
816 837 910 900 saciat
930 837 1015 924 quod
1036 838 1065 899 in
1087 855 1117 900 sa

203 949 261 1006 εει.
303 941 505 1022 Respondeat
538 943 649 1008 lterum
677 959 809 1022 quaero:
846 959 885 1006 an
913 943 973 1006 sart
999 960 1044 1023 εε,
1069 962 1116 1007 cn·

129 1075 137 1084 ·
202 1043 732 1129 nan,atqu0morocnuatur1)t
775 1048 808 1111 Si
829 1049 903 1122 scit,
925 1049 1034 1112 iterum
1056 1067 1116 1113 aar·

203 1163 254 1220 tus
275 1164 339 1229 εει,
366 1157 393 1220 si
420 1155 532 1230 nascit,
561 1153 669 1218 iterum
691 1171 773 1218 vana
800 1162 849 1219 ast
869 1156 1015 1219 doctrina.
1058 1158 1116 1220 Imu

202 1263 275 1328 illud
304 1263 422 1348 conari,
450 1269 503 1326 aut
530 1267 579 1325 ast
605 1261 686 1323 idem
715 1252 800 1340 quoii
830 1261 933 1345 tauers
960 1263 992 1325 in
1013 1277 1064 1335 sa,
1092 1273 1118 1326 ει

202 1367 280 1431 redit
308 1369 417 1433 eadem
446 1367 603 1448 quaestio,
631 1373 683 1430 aut
706 1367 805 1444 aliud;
837 1383 911 1446 erga
939 1367 1035 1431 homo
1062 1387 1117 1430 uon

202 1467 341 1566 saciando
369 1476 454 1554 quud
480 1475 511 1536 in
537 1490 572 1536 εε
594 1479 657 1545 εει,
685 1473 742 1537 sad
764 1473 903 1538 conando
934 1476 974 1536 ad
997 1475 1058 1536 tale
1077 1476 1116 1535 ia·

203 1597 281 1658 uera,
303 1583 375 1644 iacit
395 1581 479 1660 quod
500 1589 549 1643 est
570 1580 599 1641 in
622 1595 666 1640 εε.
708 1578 789 1658 Ergo
806 1579 946 1644 faciendo
969 1579 1053 1659 quod
1075 1587 1118 1642 εει

202 1689 232 1751 in
254 1705 305 1761 εε,
326 1688 459 1752 nondum
481 1688 568 1760 fauit,
590 1685 675 1765 quod
695 1684 732 1748 inu
749 1702 785 1752 εε
806 1681 866 1749 εει.Ι
923 1750 928 1758 1

268 1808 457 1890 ἰ’ἰεεείιιιο,
478 1822 603 1880 cessent
622 1831 704 1877 vana
725 1793 829 1890 verba,
852 1821 883 1879 ει
903 1815 1115 1897 expanentiam
1174 1839 1175 1934 ι

129 1983 130 1988 ,
202 1925 408 1988 consulamus.
451 1923 555 1986 Faciat
575 1923 719 2002 quisquis
740 1924 825 2003 quod
850 1924 950 1987 estin
971 1940 1021 1997 sa,
1049 1924 1114 1986 dum

201 2031 356 2103 irascitur,
383 2029 530 2102 irritatur,
558 2035 702 2116 tentatur,
730 2031 792 2092 imo
819 2037 984 2109 praeparet
1011 2047 1047 2092 εε
1079 2032 1111 2091 ad

200 2117 448 2201 ittrfirinationsna
471 2134 546 2212 ejus.
571 2136 653 2214 quod
676 2135 810 2212 ignorat,
831 2147 862 2199 ει
883 2137 1059 2210 videamus,
1078 2149 1117 2198 an·
1174 2149 1175 2208 ι

200 2243 348 2320 impetret
391 2243 488 2319 Agat,
514 2257 649 2321 quaeso,
676 2247 707 2304 et
733 2243 874 2322 incipiat,
902 2249 934 2305 st
959 2243 1111 2307 videamus

123 2367 137 2376 ·
186 2347 347 2430 ‘quidnam
368 2331 461 2440 iaciat
481 2355 512 2411 ει
531 2347 594 2411 iiat.
706 2412 710 2420 ,
1174 2333 1175 2346 ’

168 2513 175 2534 .
228 2478 440 2557 ‘'Virusimo
468 2453 584 2557 primo,
618 2477 645 2538 si
677 2475 772 2540 humo
799 2477 939 2542 iaciendo
968 2479 1052 2559 quod
1071 2487 1111 2542 εει
1174 2473 1175 2534 ἶ

109 2665 112 2672 ¹
197 2586 230 2648 in
247 2601 284 2647 εε
305 2585 433 2663 gratiam
455 2584 578 2656 obtinet,
601 2581 793 2660 impassibile
809 2583 936 2658 videtur,
957 2585 1041 2664 quod
1057 2603 1108 2648 nor

203 2691 311 2767 omnis,
332 2693 382 2753 vel
403 2691 511 2754 saitem
532 2685 629 2765 major
650 2703 723 2765 pars
742 2687 899 2752 hominum
920 2691 1107 2754 salvarentur.
1174 2741 1175 2778 ,

202 2777 337 2873 Qua'era:
375 2797 502 2874 Quaado
531 2794 625 2857 homo
657 2795 811 2872 superbit,
839 2804 949 2876 pensat
976 2803 1048 2871 ειε,
1076 2815 1107 2858 an

137 2897 140 2904 '
201 2903 293 2964 iaciat
312 2903 381 2981 ipsa
394 2902 487 2966 horno
508 2901 569 2963 tale
586 2915 675 2978 opus,
698 2907 749 2962 aut
771 2901 870 2963 aliast
911 2903 1107 2983 ipseutique3

181 3003 240 3070 'a‘n
262 2993 302 3071 err
322 3025 358 3072 εε
380 3017 409 3072 ει
431 3009 498 3072 suis
507 3007 649 3069 viribus?
670 3024 710 3069 an
732 3023 771 3068 ex
792 3007 852 3070 alin
873 3016 903 3070 ει
918 3005 1025 3072 alienis
1047 3011 1108 3071 viri-

200 3115 285 3177 bus?
326 3113 372 3177 Ex
399 3131 434 3178 εε
453 3121 487 3203 ει
512 3114 579 3178 suis
600 3112 731 3204 viribus.v
769 3113 849 3191 Ergo
877 3115 1002 3193 quando
1023 3114 1106 3179 hnrnn

134 3258 135 3261 =
201 3225 318 3298 parcnt,
340 3221 413 3284 fauit
427 3220 516 3316 quod!
528 3228 576 3283 εει
596 3220 626 3281 in
641 3225 684 3281 εε.
727 3220 826 3296 Quare
837 3228 975 3316 econtra,
994 3223 1105 3301 quando
1174 3263 1175 3314 ι

200 3326 287 3400 ιεειι,
306 3327 397 3406 quod
419 3334 467 3392 εει
487 3327 591 3415 insa,
611 3331 728 3404 paueat.
1174 3331 1175 3368 ι

175 3523 177 3526 ,
216 3433 218 3446 ’
283 3455 346 3518 Sed
366 3443 573 3534 hin'diniturzl
591 3454 715 3540 Loquar
735 3455 774 3518 de
794 3453 918 3520 homine
939 3465 970 3519 ει
990 3458 1104 3531 viribus,

201 3572 234 3664 ut
260 3562 354 3657 bonis
376 3563 568 3637 naturaiiter,
605 3576 672 3624 noni
693 3569 727 3624 ut
753 3564 782 3624 in
810 3563 912 3628 abusu
939 3562 1007 3642 eius
1033 3573 1102 3630 sunt
1174 3645 1175 3654 ἢ

203 3721 411 3742 m

274 3799 305 3872 1.)
327 3800 473 3860 torruit:
497 3803 514 3868 †
532 3763 560 3858 st
577 3803 639 3874 quid
653 3803 737 3858 iaciat
754 3811 782 3857 ut
799 3803 934 3858 curaturi
1029 3862 1034 3872 ,

1174 3989 1175 4008 i

1115 4095 1117 4104 '
1174 4093 1175 4114 i
